[
  {
    "_id": "68f63504395ee60aab55af98",
    "customerId": "68f40feba7f4ddac94cbab5d",
    "productId": "77",
    "salesRepId": "default-rep",
    "customerName": "huzaifa1144",
    "productCode": "77",
    "productDescription": "hok",
    "salesRepName": "Default Sales Rep",
    "yearMonth": "2023-10",
    "year": 2023,
    "month": 10,
    "quantity": 1010,
    "unitPrice": 891.53,
    "totalSales": 900448.26,
    "costPrice": 78.0,
    "cogs": 78780.0,
    "grossProfit": 821668.26,
    "grossProfitPercent": 91.25,
    "createdAt": "2023-10-21T18:11:32.453000"
  },
  {
    "_id": "68f63504395ee60aab55af99",
    "customerId": "68f223cba2a7a8c0bacaf104",
    "productId": "150025",
    "salesRepId": "68f223cba2a7a8c0bacaf102",
    "customerName": "Canadawide Fruit Wholesalers Inc.",
    "productCode": "150025",
    "productDescription": "Cilantro Paste 20 LB Bag",
    "salesRepName": "David Brace",
    "yearMonth": "2023-10",
    "year": 2023,
    "month": 10,
    "quantity": 430,
    "unitPrice": 40.9,
    "totalSales": 17587.08,
    "costPrice": 32.0,
    "cogs": 13760.0,
    "grossProfit": 3827.08,
    "grossProfitPercent": 21.76,
    "createdAt": "2023-10-21T18:11:32.453000"
  },
  {
    "_id": "68f63504395ee60aab55af9a",
    "customerId": "68f223cba2a7a8c0bacaf108",
    "productId": "110001",
    "salesRepId": "68f223cba2a7a8c0bacaf102",
    "customerName": "Garden Valley Foods",
    "productCode": "110001",
    "productDescription": "Peeled Garlic 12x1 LB Garland",
    "salesRepName": "David Brace",
    "yearMonth": "2023-10",
    "year": 2023,
    "month": 10,
    "quantity": 574,
    "unitPrice": 52.8,
    "totalSales": 30304.83,
    "costPrice": 40.0,
    "cogs": 22960.0,
    "grossProfit": 7344.83,
    "grossProfitPercent": 24.24,
    "createdAt": "2023-10-21T18:11:32.453000"
  },
  {
    "_id": "68f63504395ee60aab55af9b",
    "customerId": "68f223cba2a7a8c0bacaf104",
    "productId": "130030",
    "salesRepId": "68f223cba2a7a8c0bacaf102",
    "customerName": "Canadawide Fruit Wholesalers Inc.",
    "productCode": "130030",
    "productDescription": "Garlic Puree 40 LB Bag",
    "salesRepName": "David Brace",
    "yearMonth": "2023-10",
    "year": 2023,
    "month": 10,
    "quantity": 269,
    "unitPrice": 65.63,
    "totalSales": 17655.77,
    "costPrice": 55.0,
    "cogs": 14795.0,
    "grossProfit": 2860.77,
    "grossProfitPercent": 16.2,
    "createdAt": "2023-10-21T18:11:32.453000"
  },
  {
    "_id": "68f63504395ee60aab55af9c",
    "customerId": "68f223cba2a7a8c0bacaf103",
    "productId": "120015",
    "salesRepId": "68f223cba2a7a8c0bacaf102",
    "customerName": "Industria Los Patitos, S.A.",
    "productCode": "120015",
    "productDescription": "Ginger Paste 30 LB Bucket",
    "salesRepName": "David Brace",
    "yearMonth": "2023-10",
    "year": 2023,
    "month": 10,
    "quantity": 333,
    "unitPrice": 80.59,
    "totalSales": 26837.56,
    "costPrice": 68.0,
    "cogs": 22644.0,
    "grossProfit": 4193.56,
    "grossProfitPercent": 15.63,
    "createdAt": "2023-10-21T18:11:32.453000"
  },
  {
    "_id": "68f63504395ee60aab55af9d",
    "customerId": "68f223cba2a7a8c0bacaf103",
    "productId": "110005",
    "salesRepId": "68f223cba2a7a8c0bacaf102",
    "customerName": "Industria Los Patitos, S.A.",
    "productCode": "110005",
    "productDescription": "Chopped Garlic 12x16 OZ",
    "salesRepName": "David Brace",
    "yearMonth": "2023-10",
    "year": 2023,
    "month": 10,
    "quantity": 649,
    "unitPrice": 48.47,
    "totalSales": 31455.38,
    "costPrice": 38.0,
    "cogs": 24662.0,
    "grossProfit": 6793.38,
    "grossProfitPercent": 21.6,
    "createdAt": "2023-10-21T18:11:32.453000"
  },
  {
    "_id": "68f63504395ee60aab55af9e",
    "customerId": "68f40e06af149842280c2a60",
    "productId": "130030",
    "salesRepId": "default-rep",
    "customerName": "huzaifa1144",
    "productCode": "130030",
    "productDescription": "Garlic Puree 40 LB Bag",
    "salesRepName": "Default Sales Rep",
    "yearMonth": "2023-10",
    "year": 2023,
    "month": 10,
    "quantity": 581,
    "unitPrice": 69.65,
    "totalSales": 40468.19,
    "costPrice": 55.0,
    "cogs": 31955.0,
    "grossProfit": 8513.19,
    "grossProfitPercent": 21.04,
    "createdAt": "2023-10-21T18:11:32.453000"
  },
  {
    "_id": "68f63504395ee60aab55af9f",
    "customerId": "68f40dc3af149842280c2a5f",
    "productId": "110005",
    "salesRepId": "default-rep",
    "customerName": "huzaifa11",
    "productCode": "110005",
    "productDescription": "Chopped Garlic 12x16 OZ",
    "salesRepName": "Default Sales Rep",
    "yearMonth": "2023-10",
    "year": 2023,
    "month": 10,
    "quantity": 388,
    "unitPrice": 47.16,
    "totalSales": 18299.16,
    "costPrice": 38.0,
    "cogs": 14744.0,
    "grossProfit": 3555.16,
    "grossProfitPercent": 19.43,
    "createdAt": "2023-10-21T18:11:32.453000"
  },
  {
    "_id": "68f63504395ee60aab55afa0",
    "customerId": "68f40e06af149842280c2a60",
    "productId": "77",
    "salesRepId": "default-rep",
    "customerName": "huzaifa1144",
    "productCode": "77",
    "productDescription": "hok",
    "salesRepName": "Default Sales Rep",
    "yearMonth": "2023-10",
    "year": 2023,
    "month": 10,
    "quantity": 741,
    "unitPrice": 890.0,
    "totalSales": 659490.18,
    "costPrice": 78.0,
    "cogs": 57798.0,
    "grossProfit": 601692.18,
    "grossProfitPercent": 91.24,
    "createdAt": "2023-10-21T18:11:32.453000"
  },
  {
    "_id": "68f63504395ee60aab55afa1",
    "customerId": "68f223cba2a7a8c0bacaf106",
    "productId": "140020",
    "salesRepId": "68f223cba2a7a8c0bacaf102",
    "customerName": "Miami Wholesale Market",
    "productCode": "140020",
    "productDescription": "Mixed Herbs 24x8 OZ",
    "salesRepName": "David Brace",
    "yearMonth": "2023-10",
    "year": 2023,
    "month": 10,
    "quantity": 923,
    "unitPrice": 66.3,
    "totalSales": 61192.63,
    "costPrice": 48.0,
    "cogs": 44304.0,
    "grossProfit": 16888.63,
    "grossProfitPercent": 27.6,
    "createdAt": "2023-10-21T18:11:32.453000"
  },
  {
    "_id": "68f63504395ee60aab55afa2",
    "customerId": "68f40feba7f4ddac94cbab5d",
    "productId": "110001",
    "salesRepId": "default-rep",
    "customerName": "huzaifa1144",
    "productCode": "110001",
    "productDescription": "Peeled Garlic 12x1 LB Garland",
    "salesRepName": "Default Sales Rep",
    "yearMonth": "2023-11",
    "year": 2023,
    "month": 11,
    "quantity": 82,
    "unitPrice": 52.92,
    "totalSales": 4339.49,
    "costPrice": 40.0,
    "cogs": 3280.0,
    "grossProfit": 1059.49,
    "grossProfitPercent": 24.42,
    "createdAt": "2023-11-20T18:11:32.453000"
  },
  {
    "_id": "68f63504395ee60aab55afa3",
    "customerId": "68f223cba2a7a8c0bacaf107",
    "productId": "110005",
    "salesRepId": "68f223cba2a7a8c0bacaf102",
    "customerName": "Fresh Produce Distributors",
    "productCode": "110005",
    "productDescription": "Chopped Garlic 12x16 OZ",
    "salesRepName": "David Brace",
    "yearMonth": "2023-11",
    "year": 2023,
    "month": 11,
    "quantity": 135,
    "unitPrice": 46.59,
    "totalSales": 6290.02,
    "costPrice": 38.0,
    "cogs": 5130.0,
    "grossProfit": 1160.02,
    "grossProfitPercent": 18.44,
    "createdAt": "2023-11-20T18:11:32.453000"
  },
  {
    "_id": "68f63504395ee60aab55afa4",
    "customerId": "68f223cba2a7a8c0bacaf108",
    "productId": "110010",
    "salesRepId": "68f223cba2a7a8c0bacaf102",
    "customerName": "Garden Valley Foods",
    "productCode": "110010",
    "productDescription": "Minced Garlic 6x32 OZ",
    "salesRepName": "David Brace",
    "yearMonth": "2023-11",
    "year": 2023,
    "month": 11,
    "quantity": 185,
    "unitPrice": 58.19,
    "totalSales": 10765.07,
    "costPrice": 42.0,
    "cogs": 7770.0,
    "grossProfit": 2995.07,
    "grossProfitPercent": 27.82,
    "createdAt": "2023-11-20T18:11:32.453000"
  },
  {
    "_id": "68f63504395ee60aab55afa5",
    "customerId": "68f40e06af149842280c2a60",
    "productId": "110005",
    "salesRepId": "default-rep",
    "customerName": "huzaifa1144",
    "productCode": "110005",
    "productDescription": "Chopped Garlic 12x16 OZ",
    "salesRepName": "Default Sales Rep",
    "yearMonth": "2023-11",
    "year": 2023,
    "month": 11,
    "quantity": 153,
    "unitPrice": 45.18,
    "totalSales": 6912.99,
    "costPrice": 38.0,
    "cogs": 5814.0,
    "grossProfit": 1098.99,
    "grossProfitPercent": 15.9,
    "createdAt": "2023-11-20T18:11:32.453000"
  },
  {
    "_id": "68f63504395ee60aab55afa6",
    "customerId": "68f223cba2a7a8c0bacaf105",
    "productId": "110015",
    "salesRepId": "68f223cba2a7a8c0bacaf102",
    "customerName": "A&A Organic Farms Corp.",
    "productCode": "110015",
    "productDescription": "Roasted Garlic 12x12 OZ",
    "salesRepName": "David Brace",
    "yearMonth": "2023-11",
    "year": 2023,
    "month": 11,
    "quantity": 921,
    "unitPrice": 62.05,
    "totalSales": 57150.39,
    "costPrice": 45.0,
    "cogs": 41445.0,
    "grossProfit": 15705.39,
    "grossProfitPercent": 27.48,
    "createdAt": "2023-11-20T18:11:32.453000"
  },
  {
    "_id": "68f63504395ee60aab55afa7",
    "customerId": "68f223cba2a7a8c0bacaf105",
    "productId": "140020",
    "salesRepId": "68f223cba2a7a8c0bacaf102",
    "customerName": "A&A Organic Farms Corp.",
    "productCode": "140020",
    "productDescription": "Mixed Herbs 24x8 OZ",
    "salesRepName": "David Brace",
    "yearMonth": "2023-12",
    "year": 2023,
    "month": 12,
    "quantity": 444,
    "unitPrice": 58.93,
    "totalSales": 26165.27,
    "costPrice": 48.0,
    "cogs": 21312.0,
    "grossProfit": 4853.27,
    "grossProfitPercent": 18.55,
    "createdAt": "2023-12-20T18:11:32.453000"
  },
  {
    "_id": "68f63504395ee60aab55afa8",
    "customerId": "68f223cba2a7a8c0bacaf105",
    "productId": "150025",
    "salesRepId": "68f223cba2a7a8c0bacaf102",
    "customerName": "A&A Organic Farms Corp.",
    "productCode": "150025",
    "productDescription": "Cilantro Paste 20 LB Bag",
    "salesRepName": "David Brace",
    "yearMonth": "2023-12",
    "year": 2023,
    "month": 12,
    "quantity": 797,
    "unitPrice": 44.0,
    "totalSales": 35068.67,
    "costPrice": 32.0,
    "cogs": 25504.0,
    "grossProfit": 9564.67,
    "grossProfitPercent": 27.27,
    "createdAt": "2023-12-20T18:11:32.453000"
  },
  {
    "_id": "68f63504395ee60aab55afa9",
    "customerId": "68f223cba2a7a8c0bacaf105",
    "productId": "130030",
    "salesRepId": "68f223cba2a7a8c0bacaf102",
    "customerName": "A&A Organic Farms Corp.",
    "productCode": "130030",
    "productDescription": "Garlic Puree 40 LB Bag",
    "salesRepName": "David Brace",
    "yearMonth": "2023-12",
    "year": 2023,
    "month": 12,
    "quantity": 889,
    "unitPrice": 73.5,
    "totalSales": 65337.31,
    "costPrice": 55.0,
    "cogs": 48895.0,
    "grossProfit": 16442.31,
    "grossProfitPercent": 25.17,
    "createdAt": "2023-12-20T18:11:32.453000"
  },
  {
    "_id": "68f63504395ee60aab55afaa",
    "customerId": "68f223cba2a7a8c0bacaf104",
    "productId": "110002",
    "salesRepId": "68f223cba2a7a8c0bacaf102",
    "customerName": "Canadawide Fruit Wholesalers Inc.",
    "productCode": "110002",
    "productDescription": "Peeled Garlic 12x3 LB Garland",
    "salesRepName": "David Brace",
    "yearMonth": "2023-12",
    "year": 2023,
    "month": 12,
    "quantity": 620,
    "unitPrice": 93.38,
    "totalSales": 57894.21,
    "costPrice": 75.0,
    "cogs": 46500.0,
    "grossProfit": 11394.21,
    "grossProfitPercent": 19.68,
    "createdAt": "2023-12-20T18:11:32.453000"
  },
  {
    "_id": "68f63504395ee60aab55afab",
    "customerId": "68f40dc3af149842280c2a5f",
    "productId": "110015",
    "salesRepId": "default-rep",
    "customerName": "huzaifa11",
    "productCode": "110015",
    "productDescription": "Roasted Garlic 12x12 OZ",
    "salesRepName": "Default Sales Rep",
    "yearMonth": "2023-12",
    "year": 2023,
    "month": 12,
    "quantity": 784,
    "unitPrice": 58.06,
    "totalSales": 45517.32,
    "costPrice": 45.0,
    "cogs": 35280.0,
    "grossProfit": 10237.32,
    "grossProfitPercent": 22.49,
    "createdAt": "2023-12-20T18:11:32.453000"
  },
  {
    "_id": "68f63504395ee60aab55afac",
    "customerId": "68f223cba2a7a8c0bacaf108",
    "productId": "323",
    "salesRepId": "68f223cba2a7a8c0bacaf102",
    "customerName": "Garden Valley Foods",
    "productCode": "323",
    "productDescription": "3432",
    "salesRepName": "David Brace",
    "yearMonth": "2023-12",
    "year": 2023,
    "month": 12,
    "quantity": 129,
    "unitPrice": 324.1,
    "totalSales": 41808.78,
    "costPrice": 23432.0,
    "cogs": 3022728.0,
    "grossProfit": -2980919.22,
    "grossProfitPercent": -7129.89,
    "createdAt": "2023-12-20T18:11:32.453000"
  },
  {
    "_id": "68f63504395ee60aab55afad",
    "customerId": "68f223cba2a7a8c0bacaf105",
    "productId": "140020",
    "salesRepId": "68f223cba2a7a8c0bacaf102",
    "customerName": "A&A Organic Farms Corp.",
    "productCode": "140020",
    "productDescription": "Mixed Herbs 24x8 OZ",
    "salesRepName": "David Brace",
    "yearMonth": "2024-01",
    "year": 2024,
    "month": 1,
    "quantity": 679,
    "unitPrice": 65.7,
    "totalSales": 44610.06,
    "costPrice": 48.0,
    "cogs": 32592.0,
    "grossProfit": 12018.06,
    "grossProfitPercent": 26.94,
    "createdAt": "2024-01-19T18:11:32.453000"
  },
  {
    "_id": "68f63504395ee60aab55afae",
    "customerId": "68f223cba2a7a8c0bacaf104",
    "productId": "110002",
    "salesRepId": "68f223cba2a7a8c0bacaf102",
    "customerName": "Canadawide Fruit Wholesalers Inc.",
    "productCode": "110002",
    "productDescription": "Peeled Garlic 12x3 LB Garland",
    "salesRepName": "David Brace",
    "yearMonth": "2024-01",
    "year": 2024,
    "month": 1,
    "quantity": 541,
    "unitPrice": 98.01,
    "totalSales": 53021.29,
    "costPrice": 75.0,
    "cogs": 40575.0,
    "grossProfit": 12446.29,
    "grossProfitPercent": 23.47,
    "createdAt": "2024-01-19T18:11:32.453000"
  },
  {
    "_id": "68f63504395ee60aab55afaf",
    "customerId": "68f40c2e3ba93a56927f0638",
    "productId": "150025",
    "salesRepId": "default-rep",
    "customerName": "Test Customer",
    "productCode": "150025",
    "productDescription": "Cilantro Paste 20 LB Bag",
    "salesRepName": "Default Sales Rep",
    "yearMonth": "2024-01",
    "year": 2024,
    "month": 1,
    "quantity": 305,
    "unitPrice": 37.93,
    "totalSales": 11567.79,
    "costPrice": 32.0,
    "cogs": 9760.0,
    "grossProfit": 1807.79,
    "grossProfitPercent": 15.63,
    "createdAt": "2024-01-19T18:11:32.453000"
  },
  {
    "_id": "68f63504395ee60aab55afb0",
    "customerId": "68f223cba2a7a8c0bacaf103",
    "productId": "110002",
    "salesRepId": "68f223cba2a7a8c0bacaf102",
    "customerName": "Industria Los Patitos, S.A.",
    "productCode": "110002",
    "productDescription": "Peeled Garlic 12x3 LB Garland",
    "salesRepName": "David Brace",
    "yearMonth": "2024-01",
    "year": 2024,
    "month": 1,
    "quantity": 372,
    "unitPrice": 98.24,
    "totalSales": 36544.99,
    "costPrice": 75.0,
    "cogs": 27900.0,
    "grossProfit": 8644.99,
    "grossProfitPercent": 23.66,
    "createdAt": "2024-01-19T18:11:32.453000"
  },
  {
    "_id": "68f63504395ee60aab55afb1",
    "customerId": "68f40feba7f4ddac94cbab5d",
    "productId": "110010",
    "salesRepId": "default-rep",
    "customerName": "huzaifa1144",
    "productCode": "110010",
    "productDescription": "Minced Garlic 6x32 OZ",
    "salesRepName": "Default Sales Rep",
    "yearMonth": "2024-01",
    "year": 2024,
    "month": 1,
    "quantity": 278,
    "unitPrice": 59.08,
    "totalSales": 16424.1,
    "costPrice": 42.0,
    "cogs": 11676.0,
    "grossProfit": 4748.1,
    "grossProfitPercent": 28.91,
    "createdAt": "2024-01-19T18:11:32.453000"
  },
  {
    "_id": "68f63504395ee60aab55afb2",
    "customerId": "68f40feba7f4ddac94cbab5d",
    "productId": "110001",
    "salesRepId": "default-rep",
    "customerName": "huzaifa1144",
    "productCode": "110001",
    "productDescription": "Peeled Garlic 12x1 LB Garland",
    "salesRepName": "Default Sales Rep",
    "yearMonth": "2024-01",
    "year": 2024,
    "month": 1,
    "quantity": 710,
    "unitPrice": 49.95,
    "totalSales": 35464.81,
    "costPrice": 40.0,
    "cogs": 28400.0,
    "grossProfit": 7064.81,
    "grossProfitPercent": 19.92,
    "createdAt": "2024-01-19T18:11:32.453000"
  },
  {
    "_id": "68f63504395ee60aab55afb3",
    "customerId": "68f223cba2a7a8c0bacaf104",
    "productId": "77",
    "salesRepId": "68f223cba2a7a8c0bacaf102",
    "customerName": "Canadawide Fruit Wholesalers Inc.",
    "productCode": "77",
    "productDescription": "hok",
    "salesRepName": "David Brace",
    "yearMonth": "2024-01",
    "year": 2024,
    "month": 1,
    "quantity": 449,
    "unitPrice": 888.33,
    "totalSales": 398858.53,
    "costPrice": 78.0,
    "cogs": 35022.0,
    "grossProfit": 363836.53,
    "grossProfitPercent": 91.22,
    "createdAt": "2024-01-19T18:11:32.453000"
  },
  {
    "_id": "68f63504395ee60aab55afb4",
    "customerId": "68f40feba7f4ddac94cbab5d",
    "productId": "110015",
    "salesRepId": "default-rep",
    "customerName": "huzaifa1144",
    "productCode": "110015",
    "productDescription": "Roasted Garlic 12x12 OZ",
    "salesRepName": "Default Sales Rep",
    "yearMonth": "2024-01",
    "year": 2024,
    "month": 1,
    "quantity": 325,
    "unitPrice": 61.12,
    "totalSales": 19863.05,
    "costPrice": 45.0,
    "cogs": 14625.0,
    "grossProfit": 5238.05,
    "grossProfitPercent": 26.37,
    "createdAt": "2024-01-19T18:11:32.453000"
  },
  {
    "_id": "68f63504395ee60aab55afb5",
    "customerId": "68f223cba2a7a8c0bacaf105",
    "productId": "110010",
    "salesRepId": "68f223cba2a7a8c0bacaf102",
    "customerName": "A&A Organic Farms Corp.",
    "productCode": "110010",
    "productDescription": "Minced Garlic 6x32 OZ",
    "salesRepName": "David Brace",
    "yearMonth": "2024-01",
    "year": 2024,
    "month": 1,
    "quantity": 835,
    "unitPrice": 52.98,
    "totalSales": 44237.1,
    "costPrice": 42.0,
    "cogs": 35070.0,
    "grossProfit": 9167.1,
    "grossProfitPercent": 20.72,
    "createdAt": "2024-01-19T18:11:32.453000"
  },
  {
    "_id": "68f63504395ee60aab55afb6",
    "customerId": "68f223cba2a7a8c0bacaf105",
    "productId": "140020",
    "salesRepId": "68f223cba2a7a8c0bacaf102",
    "customerName": "A&A Organic Farms Corp.",
    "productCode": "140020",
    "productDescription": "Mixed Herbs 24x8 OZ",
    "salesRepName": "David Brace",
    "yearMonth": "2024-02",
    "year": 2024,
    "month": 2,
    "quantity": 736,
    "unitPrice": 60.19,
    "totalSales": 44303.3,
    "costPrice": 48.0,
    "cogs": 35328.0,
    "grossProfit": 8975.3,
    "grossProfitPercent": 20.26,
    "createdAt": "2024-02-18T18:11:32.453000"
  },
  {
    "_id": "68f63504395ee60aab55afb7",
    "customerId": "68f40e06af149842280c2a60",
    "productId": "150025",
    "salesRepId": "default-rep",
    "customerName": "huzaifa1144",
    "productCode": "150025",
    "productDescription": "Cilantro Paste 20 LB Bag",
    "salesRepName": "Default Sales Rep",
    "yearMonth": "2024-02",
    "year": 2024,
    "month": 2,
    "quantity": 154,
    "unitPrice": 45.22,
    "totalSales": 6964.32,
    "costPrice": 32.0,
    "cogs": 4928.0,
    "grossProfit": 2036.32,
    "grossProfitPercent": 29.24,
    "createdAt": "2024-02-18T18:11:32.453000"
  },
  {
    "_id": "68f63504395ee60aab55afb8",
    "customerId": "68f223cba2a7a8c0bacaf107",
    "productId": "323",
    "salesRepId": "68f223cba2a7a8c0bacaf102",
    "customerName": "Fresh Produce Distributors",
    "productCode": "323",
    "productDescription": "3432",
    "salesRepName": "David Brace",
    "yearMonth": "2024-02",
    "year": 2024,
    "month": 2,
    "quantity": 966,
    "unitPrice": 327.3,
    "totalSales": 316169.96,
    "costPrice": 23432.0,
    "cogs": 22635312.0,
    "grossProfit": -22319142.04,
    "grossProfitPercent": -7059.22,
    "createdAt": "2024-02-18T18:11:32.453000"
  },
  {
    "_id": "68f63504395ee60aab55afb9",
    "customerId": "68f223cba2a7a8c0bacaf108",
    "productId": "130030",
    "salesRepId": "68f223cba2a7a8c0bacaf102",
    "customerName": "Garden Valley Foods",
    "productCode": "130030",
    "productDescription": "Garlic Puree 40 LB Bag",
    "salesRepName": "David Brace",
    "yearMonth": "2024-02",
    "year": 2024,
    "month": 2,
    "quantity": 873,
    "unitPrice": 73.72,
    "totalSales": 64353.81,
    "costPrice": 55.0,
    "cogs": 48015.0,
    "grossProfit": 16338.81,
    "grossProfitPercent": 25.39,
    "createdAt": "2024-02-18T18:11:32.453000"
  },
  {
    "_id": "68f63504395ee60aab55afba",
    "customerId": "68f40feba7f4ddac94cbab5d",
    "productId": "120015",
    "salesRepId": "default-rep",
    "customerName": "huzaifa1144",
    "productCode": "120015",
    "productDescription": "Ginger Paste 30 LB Bucket",
    "salesRepName": "Default Sales Rep",
    "yearMonth": "2024-02",
    "year": 2024,
    "month": 2,
    "quantity": 862,
    "unitPrice": 85.42,
    "totalSales": 73635.53,
    "costPrice": 68.0,
    "cogs": 58616.0,
    "grossProfit": 15019.53,
    "grossProfitPercent": 20.4,
    "createdAt": "2024-02-18T18:11:32.453000"
  },
  {
    "_id": "68f63504395ee60aab55afbb",
    "customerId": "68f223cba2a7a8c0bacaf105",
    "productId": "130030",
    "salesRepId": "68f223cba2a7a8c0bacaf102",
    "customerName": "A&A Organic Farms Corp.",
    "productCode": "130030",
    "productDescription": "Garlic Puree 40 LB Bag",
    "salesRepName": "David Brace",
    "yearMonth": "2024-02",
    "year": 2024,
    "month": 2,
    "quantity": 396,
    "unitPrice": 74.64,
    "totalSales": 29557.51,
    "costPrice": 55.0,
    "cogs": 21780.0,
    "grossProfit": 7777.51,
    "grossProfitPercent": 26.31,
    "createdAt": "2024-02-18T18:11:32.453000"
  },
  {
    "_id": "68f63504395ee60aab55afbc",
    "customerId": "68f223cba2a7a8c0bacaf107",
    "productId": "110001",
    "salesRepId": "68f223cba2a7a8c0bacaf102",
    "customerName": "Fresh Produce Distributors",
    "productCode": "110001",
    "productDescription": "Peeled Garlic 12x1 LB Garland",
    "salesRepName": "David Brace",
    "yearMonth": "2024-02",
    "year": 2024,
    "month": 2,
    "quantity": 593,
    "unitPrice": 54.22,
    "totalSales": 32153.22,
    "costPrice": 40.0,
    "cogs": 23720.0,
    "grossProfit": 8433.22,
    "grossProfitPercent": 26.23,
    "createdAt": "2024-02-18T18:11:32.453000"
  },
  {
    "_id": "68f63504395ee60aab55afbd",
    "customerId": "68f40e06af149842280c2a60",
    "productId": "140020",
    "salesRepId": "default-rep",
    "customerName": "huzaifa1144",
    "productCode": "140020",
    "productDescription": "Mixed Herbs 24x8 OZ",
    "salesRepName": "Default Sales Rep",
    "yearMonth": "2024-02",
    "year": 2024,
    "month": 2,
    "quantity": 705,
    "unitPrice": 66.13,
    "totalSales": 46618.15,
    "costPrice": 48.0,
    "cogs": 33840.0,
    "grossProfit": 12778.15,
    "grossProfitPercent": 27.41,
    "createdAt": "2024-02-18T18:11:32.453000"
  },
  {
    "_id": "68f63504395ee60aab55afbe",
    "customerId": "68f223cba2a7a8c0bacaf108",
    "productId": "140020",
    "salesRepId": "68f223cba2a7a8c0bacaf102",
    "customerName": "Garden Valley Foods",
    "productCode": "140020",
    "productDescription": "Mixed Herbs 24x8 OZ",
    "salesRepName": "David Brace",
    "yearMonth": "2024-03",
    "year": 2024,
    "month": 3,
    "quantity": 252,
    "unitPrice": 59.97,
    "totalSales": 15111.35,
    "costPrice": 48.0,
    "cogs": 12096.0,
    "grossProfit": 3015.35,
    "grossProfitPercent": 19.95,
    "createdAt": "2024-03-19T18:11:32.453000"
  },
  {
    "_id": "68f63504395ee60aab55afbf",
    "customerId": "68f223cba2a7a8c0bacaf105",
    "productId": "110015",
    "salesRepId": "68f223cba2a7a8c0bacaf102",
    "customerName": "A&A Organic Farms Corp.",
    "productCode": "110015",
    "productDescription": "Roasted Garlic 12x12 OZ",
    "salesRepName": "David Brace",
    "yearMonth": "2024-03",
    "year": 2024,
    "month": 3,
    "quantity": 651,
    "unitPrice": 57.26,
    "totalSales": 37274.94,
    "costPrice": 45.0,
    "cogs": 29295.0,
    "grossProfit": 7979.94,
    "grossProfitPercent": 21.41,
    "createdAt": "2024-03-19T18:11:32.453000"
  },
  {
    "_id": "68f63504395ee60aab55afc0",
    "customerId": "68f40feba7f4ddac94cbab5d",
    "productId": "77",
    "salesRepId": "default-rep",
    "customerName": "huzaifa1144",
    "productCode": "77",
    "productDescription": "hok",
    "salesRepName": "Default Sales Rep",
    "yearMonth": "2024-03",
    "year": 2024,
    "month": 3,
    "quantity": 720,
    "unitPrice": 888.23,
    "totalSales": 639523.13,
    "costPrice": 78.0,
    "cogs": 56160.0,
    "grossProfit": 583363.13,
    "grossProfitPercent": 91.22,
    "createdAt": "2024-03-19T18:11:32.453000"
  },
  {
    "_id": "68f63504395ee60aab55afc1",
    "customerId": "68f40c2e3ba93a56927f0638",
    "productId": "77",
    "salesRepId": "default-rep",
    "customerName": "Test Customer",
    "productCode": "77",
    "productDescription": "hok",
    "salesRepName": "Default Sales Rep",
    "yearMonth": "2024-03",
    "year": 2024,
    "month": 3,
    "quantity": 389,
    "unitPrice": 885.15,
    "totalSales": 344322.73,
    "costPrice": 78.0,
    "cogs": 30342.0,
    "grossProfit": 313980.73,
    "grossProfitPercent": 91.19,
    "createdAt": "2024-03-19T18:11:32.453000"
  },
  {
    "_id": "68f63504395ee60aab55afc2",
    "customerId": "68f40e06af149842280c2a60",
    "productId": "77",
    "salesRepId": "default-rep",
    "customerName": "huzaifa1144",
    "productCode": "77",
    "productDescription": "hok",
    "salesRepName": "Default Sales Rep",
    "yearMonth": "2024-03",
    "year": 2024,
    "month": 3,
    "quantity": 228,
    "unitPrice": 886.62,
    "totalSales": 202149.96,
    "costPrice": 78.0,
    "cogs": 17784.0,
    "grossProfit": 184365.96,
    "grossProfitPercent": 91.2,
    "createdAt": "2024-03-19T18:11:32.453000"
  },
  {
    "_id": "68f63504395ee60aab55afc3",
    "customerId": "68f40e06af149842280c2a60",
    "productId": "110001",
    "salesRepId": "default-rep",
    "customerName": "huzaifa1144",
    "productCode": "110001",
    "productDescription": "Peeled Garlic 12x1 LB Garland",
    "salesRepName": "Default Sales Rep",
    "yearMonth": "2024-03",
    "year": 2024,
    "month": 3,
    "quantity": 428,
    "unitPrice": 51.86,
    "totalSales": 22197.22,
    "costPrice": 40.0,
    "cogs": 17120.0,
    "grossProfit": 5077.22,
    "grossProfitPercent": 22.87,
    "createdAt": "2024-03-19T18:11:32.453000"
  },
  {
    "_id": "68f63504395ee60aab55afc4",
    "customerId": "68f223cba2a7a8c0bacaf105",
    "productId": "110002",
    "salesRepId": "68f223cba2a7a8c0bacaf102",
    "customerName": "A&A Organic Farms Corp.",
    "productCode": "110002",
    "productDescription": "Peeled Garlic 12x3 LB Garland",
    "salesRepName": "David Brace",
    "yearMonth": "2024-03",
    "year": 2024,
    "month": 3,
    "quantity": 324,
    "unitPrice": 90.79,
    "totalSales": 29416.58,
    "costPrice": 75.0,
    "cogs": 24300.0,
    "grossProfit": 5116.58,
    "grossProfitPercent": 17.39,
    "createdAt": "2024-03-19T18:11:32.453000"
  },
  {
    "_id": "68f63504395ee60aab55afc5",
    "customerId": "68f223cba2a7a8c0bacaf104",
    "productId": "110015",
    "salesRepId": "68f223cba2a7a8c0bacaf102",
    "customerName": "Canadawide Fruit Wholesalers Inc.",
    "productCode": "110015",
    "productDescription": "Roasted Garlic 12x12 OZ",
    "salesRepName": "David Brace",
    "yearMonth": "2024-03",
    "year": 2024,
    "month": 3,
    "quantity": 884,
    "unitPrice": 53.87,
    "totalSales": 47618.14,
    "costPrice": 45.0,
    "cogs": 39780.0,
    "grossProfit": 7838.14,
    "grossProfitPercent": 16.46,
    "createdAt": "2024-03-19T18:11:32.453000"
  },
  {
    "_id": "68f63504395ee60aab55afc6",
    "customerId": "68f40dc3af149842280c2a5f",
    "productId": "110015",
    "salesRepId": "default-rep",
    "customerName": "huzaifa11",
    "productCode": "110015",
    "productDescription": "Roasted Garlic 12x12 OZ",
    "salesRepName": "Default Sales Rep",
    "yearMonth": "2024-04",
    "year": 2024,
    "month": 4,
    "quantity": 785,
    "unitPrice": 60.68,
    "totalSales": 47634.98,
    "costPrice": 45.0,
    "cogs": 35325.0,
    "grossProfit": 12309.98,
    "grossProfitPercent": 25.84,
    "createdAt": "2024-04-18T18:11:32.453000"
  },
  {
    "_id": "68f63504395ee60aab55afc7",
    "customerId": "68f223cba2a7a8c0bacaf106",
    "productId": "150025",
    "salesRepId": "68f223cba2a7a8c0bacaf102",
    "customerName": "Miami Wholesale Market",
    "productCode": "150025",
    "productDescription": "Cilantro Paste 20 LB Bag",
    "salesRepName": "David Brace",
    "yearMonth": "2024-04",
    "year": 2024,
    "month": 4,
    "quantity": 990,
    "unitPrice": 38.03,
    "totalSales": 37647.5,
    "costPrice": 32.0,
    "cogs": 31680.0,
    "grossProfit": 5967.5,
    "grossProfitPercent": 15.85,
    "createdAt": "2024-04-18T18:11:32.453000"
  },
  {
    "_id": "68f63504395ee60aab55afc8",
    "customerId": "68f223cba2a7a8c0bacaf103",
    "productId": "140020",
    "salesRepId": "68f223cba2a7a8c0bacaf102",
    "customerName": "Industria Los Patitos, S.A.",
    "productCode": "140020",
    "productDescription": "Mixed Herbs 24x8 OZ",
    "salesRepName": "David Brace",
    "yearMonth": "2024-04",
    "year": 2024,
    "month": 4,
    "quantity": 658,
    "unitPrice": 63.92,
    "totalSales": 42060.5,
    "costPrice": 48.0,
    "cogs": 31584.0,
    "grossProfit": 10476.5,
    "grossProfitPercent": 24.91,
    "createdAt": "2024-04-18T18:11:32.453000"
  },
  {
    "_id": "68f63504395ee60aab55afc9",
    "customerId": "68f223cba2a7a8c0bacaf107",
    "productId": "150025",
    "salesRepId": "68f223cba2a7a8c0bacaf102",
    "customerName": "Fresh Produce Distributors",
    "productCode": "150025",
    "productDescription": "Cilantro Paste 20 LB Bag",
    "salesRepName": "David Brace",
    "yearMonth": "2024-04",
    "year": 2024,
    "month": 4,
    "quantity": 950,
    "unitPrice": 43.38,
    "totalSales": 41207.35,
    "costPrice": 32.0,
    "cogs": 30400.0,
    "grossProfit": 10807.35,
    "grossProfitPercent": 26.23,
    "createdAt": "2024-04-18T18:11:32.453000"
  },
  {
    "_id": "68f63504395ee60aab55afca",
    "customerId": "68f40feba7f4ddac94cbab5d",
    "productId": "77",
    "salesRepId": "default-rep",
    "customerName": "huzaifa1144",
    "productCode": "77",
    "productDescription": "hok",
    "salesRepName": "Default Sales Rep",
    "yearMonth": "2024-04",
    "year": 2024,
    "month": 4,
    "quantity": 722,
    "unitPrice": 890.95,
    "totalSales": 643266.36,
    "costPrice": 78.0,
    "cogs": 56316.0,
    "grossProfit": 586950.36,
    "grossProfitPercent": 91.25,
    "createdAt": "2024-04-18T18:11:32.453000"
  },
  {
    "_id": "68f63504395ee60aab55afcb",
    "customerId": "68f223cba2a7a8c0bacaf108",
    "productId": "110005",
    "salesRepId": "68f223cba2a7a8c0bacaf102",
    "customerName": "Garden Valley Foods",
    "productCode": "110005",
    "productDescription": "Chopped Garlic 12x16 OZ",
    "salesRepName": "David Brace",
    "yearMonth": "2024-04",
    "year": 2024,
    "month": 4,
    "quantity": 447,
    "unitPrice": 43.25,
    "totalSales": 19334.47,
    "costPrice": 38.0,
    "cogs": 16986.0,
    "grossProfit": 2348.47,
    "grossProfitPercent": 12.15,
    "createdAt": "2024-04-18T18:11:32.453000"
  },
  {
    "_id": "68f63504395ee60aab55afcc",
    "customerId": "68f223cba2a7a8c0bacaf106",
    "productId": "77",
    "salesRepId": "68f223cba2a7a8c0bacaf102",
    "customerName": "Miami Wholesale Market",
    "productCode": "77",
    "productDescription": "hok",
    "salesRepName": "David Brace",
    "yearMonth": "2024-04",
    "year": 2024,
    "month": 4,
    "quantity": 695,
    "unitPrice": 883.45,
    "totalSales": 614000.24,
    "costPrice": 78.0,
    "cogs": 54210.0,
    "grossProfit": 559790.24,
    "grossProfitPercent": 91.17,
    "createdAt": "2024-04-18T18:11:32.453000"
  },
  {
    "_id": "68f63504395ee60aab55afcd",
    "customerId": "68f40dc3af149842280c2a5f",
    "productId": "110010",
    "salesRepId": "default-rep",
    "customerName": "huzaifa11",
    "productCode": "110010",
    "productDescription": "Minced Garlic 6x32 OZ",
    "salesRepName": "Default Sales Rep",
    "yearMonth": "2024-05",
    "year": 2024,
    "month": 5,
    "quantity": 1015,
    "unitPrice": 57.62,
    "totalSales": 58479.97,
    "costPrice": 42.0,
    "cogs": 42630.0,
    "grossProfit": 15849.97,
    "grossProfitPercent": 27.1,
    "createdAt": "2024-05-18T18:11:32.453000"
  },
  {
    "_id": "68f63504395ee60aab55afce",
    "customerId": "68f223cba2a7a8c0bacaf107",
    "productId": "110015",
    "salesRepId": "68f223cba2a7a8c0bacaf102",
    "customerName": "Fresh Produce Distributors",
    "productCode": "110015",
    "productDescription": "Roasted Garlic 12x12 OZ",
    "salesRepName": "David Brace",
    "yearMonth": "2024-05",
    "year": 2024,
    "month": 5,
    "quantity": 189,
    "unitPrice": 57.14,
    "totalSales": 10800.33,
    "costPrice": 45.0,
    "cogs": 8505.0,
    "grossProfit": 2295.33,
    "grossProfitPercent": 21.25,
    "createdAt": "2024-05-18T18:11:32.453000"
  },
  {
    "_id": "68f63504395ee60aab55afcf",
    "customerId": "68f223cba2a7a8c0bacaf103",
    "productId": "110002",
    "salesRepId": "68f223cba2a7a8c0bacaf102",
    "customerName": "Industria Los Patitos, S.A.",
    "productCode": "110002",
    "productDescription": "Peeled Garlic 12x3 LB Garland",
    "salesRepName": "David Brace",
    "yearMonth": "2024-05",
    "year": 2024,
    "month": 5,
    "quantity": 371,
    "unitPrice": 90.92,
    "totalSales": 33729.91,
    "costPrice": 75.0,
    "cogs": 27825.0,
    "grossProfit": 5904.91,
    "grossProfitPercent": 17.51,
    "createdAt": "2024-05-18T18:11:32.453000"
  },
  {
    "_id": "68f63504395ee60aab55afd0",
    "customerId": "68f223cba2a7a8c0bacaf106",
    "productId": "150025",
    "salesRepId": "68f223cba2a7a8c0bacaf102",
    "customerName": "Miami Wholesale Market",
    "productCode": "150025",
    "productDescription": "Cilantro Paste 20 LB Bag",
    "salesRepName": "David Brace",
    "yearMonth": "2024-05",
    "year": 2024,
    "month": 5,
    "quantity": 960,
    "unitPrice": 42.74,
    "totalSales": 41027.99,
    "costPrice": 32.0,
    "cogs": 30720.0,
    "grossProfit": 10307.99,
    "grossProfitPercent": 25.12,
    "createdAt": "2024-05-18T18:11:32.453000"
  },
  {
    "_id": "68f63504395ee60aab55afd1",
    "customerId": "68f40dc3af149842280c2a5f",
    "productId": "323",
    "salesRepId": "default-rep",
    "customerName": "huzaifa11",
    "productCode": "323",
    "productDescription": "3432",
    "salesRepName": "Default Sales Rep",
    "yearMonth": "2024-05",
    "year": 2024,
    "month": 5,
    "quantity": 251,
    "unitPrice": 321.7,
    "totalSales": 80746.37,
    "costPrice": 23432.0,
    "cogs": 5881432.0,
    "grossProfit": -5800685.63,
    "grossProfitPercent": -7183.83,
    "createdAt": "2024-05-18T18:11:32.453000"
  },
  {
    "_id": "68f63504395ee60aab55afd2",
    "customerId": "68f223cba2a7a8c0bacaf105",
    "productId": "140020",
    "salesRepId": "68f223cba2a7a8c0bacaf102",
    "customerName": "A&A Organic Farms Corp.",
    "productCode": "140020",
    "productDescription": "Mixed Herbs 24x8 OZ",
    "salesRepName": "David Brace",
    "yearMonth": "2024-05",
    "year": 2024,
    "month": 5,
    "quantity": 718,
    "unitPrice": 66.58,
    "totalSales": 47802.99,
    "costPrice": 48.0,
    "cogs": 34464.0,
    "grossProfit": 13338.99,
    "grossProfitPercent": 27.9,
    "createdAt": "2024-05-18T18:11:32.453000"
  },
  {
    "_id": "68f63504395ee60aab55afd3",
    "customerId": "68f223cba2a7a8c0bacaf103",
    "productId": "110001",
    "salesRepId": "68f223cba2a7a8c0bacaf102",
    "customerName": "Industria Los Patitos, S.A.",
    "productCode": "110001",
    "productDescription": "Peeled Garlic 12x1 LB Garland",
    "salesRepName": "David Brace",
    "yearMonth": "2024-06",
    "year": 2024,
    "month": 6,
    "quantity": 885,
    "unitPrice": 49.15,
    "totalSales": 43496.58,
    "costPrice": 40.0,
    "cogs": 35400.0,
    "grossProfit": 8096.58,
    "grossProfitPercent": 18.61,
    "createdAt": "2024-06-17T18:11:32.453000"
  },
  {
    "_id": "68f63504395ee60aab55afd4",
    "customerId": "68f40c2e3ba93a56927f0638",
    "productId": "150025",
    "salesRepId": "default-rep",
    "customerName": "Test Customer",
    "productCode": "150025",
    "productDescription": "Cilantro Paste 20 LB Bag",
    "salesRepName": "Default Sales Rep",
    "yearMonth": "2024-06",
    "year": 2024,
    "month": 6,
    "quantity": 422,
    "unitPrice": 38.56,
    "totalSales": 16274.08,
    "costPrice": 32.0,
    "cogs": 13504.0,
    "grossProfit": 2770.08,
    "grossProfitPercent": 17.02,
    "createdAt": "2024-06-17T18:11:32.453000"
  },
  {
    "_id": "68f63504395ee60aab55afd5",
    "customerId": "68f223cba2a7a8c0bacaf106",
    "productId": "110005",
    "salesRepId": "68f223cba2a7a8c0bacaf102",
    "customerName": "Miami Wholesale Market",
    "productCode": "110005",
    "productDescription": "Chopped Garlic 12x16 OZ",
    "salesRepName": "David Brace",
    "yearMonth": "2024-06",
    "year": 2024,
    "month": 6,
    "quantity": 248,
    "unitPrice": 48.18,
    "totalSales": 11947.96,
    "costPrice": 38.0,
    "cogs": 9424.0,
    "grossProfit": 2523.96,
    "grossProfitPercent": 21.12,
    "createdAt": "2024-06-17T18:11:32.453000"
  },
  {
    "_id": "68f63504395ee60aab55afd6",
    "customerId": "68f223cba2a7a8c0bacaf107",
    "productId": "120015",
    "salesRepId": "68f223cba2a7a8c0bacaf102",
    "customerName": "Fresh Produce Distributors",
    "productCode": "120015",
    "productDescription": "Ginger Paste 30 LB Bucket",
    "salesRepName": "David Brace",
    "yearMonth": "2024-06",
    "year": 2024,
    "month": 6,
    "quantity": 566,
    "unitPrice": 81.87,
    "totalSales": 46339.6,
    "costPrice": 68.0,
    "cogs": 38488.0,
    "grossProfit": 7851.6,
    "grossProfitPercent": 16.94,
    "createdAt": "2024-06-17T18:11:32.453000"
  },
  {
    "_id": "68f63504395ee60aab55afd7",
    "customerId": "68f223cba2a7a8c0bacaf107",
    "productId": "110001",
    "salesRepId": "68f223cba2a7a8c0bacaf102",
    "customerName": "Fresh Produce Distributors",
    "productCode": "110001",
    "productDescription": "Peeled Garlic 12x1 LB Garland",
    "salesRepName": "David Brace",
    "yearMonth": "2024-06",
    "year": 2024,
    "month": 6,
    "quantity": 366,
    "unitPrice": 49.24,
    "totalSales": 18023.27,
    "costPrice": 40.0,
    "cogs": 14640.0,
    "grossProfit": 3383.27,
    "grossProfitPercent": 18.77,
    "createdAt": "2024-06-17T18:11:32.453000"
  },
  {
    "_id": "68f63504395ee60aab55afd8",
    "customerId": "68f223cba2a7a8c0bacaf107",
    "productId": "130030",
    "salesRepId": "68f223cba2a7a8c0bacaf102",
    "customerName": "Fresh Produce Distributors",
    "productCode": "130030",
    "productDescription": "Garlic Puree 40 LB Bag",
    "salesRepName": "David Brace",
    "yearMonth": "2024-06",
    "year": 2024,
    "month": 6,
    "quantity": 712,
    "unitPrice": 74.97,
    "totalSales": 53379.99,
    "costPrice": 55.0,
    "cogs": 39160.0,
    "grossProfit": 14219.99,
    "grossProfitPercent": 26.64,
    "createdAt": "2024-06-17T18:11:32.453000"
  },
  {
    "_id": "68f63504395ee60aab55afd9",
    "customerId": "68f223cba2a7a8c0bacaf108",
    "productId": "323",
    "salesRepId": "68f223cba2a7a8c0bacaf102",
    "customerName": "Garden Valley Foods",
    "productCode": "323",
    "productDescription": "3432",
    "salesRepName": "David Brace",
    "yearMonth": "2024-06",
    "year": 2024,
    "month": 6,
    "quantity": 124,
    "unitPrice": 327.23,
    "totalSales": 40576.19,
    "costPrice": 23432.0,
    "cogs": 2905568.0,
    "grossProfit": -2864991.81,
    "grossProfitPercent": -7060.77,
    "createdAt": "2024-06-17T18:11:32.453000"
  },
  {
    "_id": "68f63504395ee60aab55afda",
    "customerId": "68f40e06af149842280c2a60",
    "productId": "150025",
    "salesRepId": "default-rep",
    "customerName": "huzaifa1144",
    "productCode": "150025",
    "productDescription": "Cilantro Paste 20 LB Bag",
    "salesRepName": "Default Sales Rep",
    "yearMonth": "2024-06",
    "year": 2024,
    "month": 6,
    "quantity": 797,
    "unitPrice": 42.51,
    "totalSales": 33881.81,
    "costPrice": 32.0,
    "cogs": 25504.0,
    "grossProfit": 8377.81,
    "grossProfitPercent": 24.73,
    "createdAt": "2024-06-17T18:11:32.453000"
  },
  {
    "_id": "68f63504395ee60aab55afdb",
    "customerId": "68f223cba2a7a8c0bacaf107",
    "productId": "77",
    "salesRepId": "68f223cba2a7a8c0bacaf102",
    "customerName": "Fresh Produce Distributors",
    "productCode": "77",
    "productDescription": "hok",
    "salesRepName": "David Brace",
    "yearMonth": "2024-06",
    "year": 2024,
    "month": 6,
    "quantity": 210,
    "unitPrice": 890.43,
    "totalSales": 186989.69,
    "costPrice": 78.0,
    "cogs": 16380.0,
    "grossProfit": 170609.69,
    "grossProfitPercent": 91.24,
    "createdAt": "2024-06-17T18:11:32.453000"
  },
  {
    "_id": "68f63504395ee60aab55afdc",
    "customerId": "68f40dc3af149842280c2a5f",
    "productId": "110015",
    "salesRepId": "default-rep",
    "customerName": "huzaifa11",
    "productCode": "110015",
    "productDescription": "Roasted Garlic 12x12 OZ",
    "salesRepName": "Default Sales Rep",
    "yearMonth": "2024-07",
    "year": 2024,
    "month": 7,
    "quantity": 873,
    "unitPrice": 56.52,
    "totalSales": 49342.36,
    "costPrice": 45.0,
    "cogs": 39285.0,
    "grossProfit": 10057.36,
    "grossProfitPercent": 20.38,
    "createdAt": "2024-07-17T18:11:32.453000"
  },
  {
    "_id": "68f63504395ee60aab55afdd",
    "customerId": "68f223cba2a7a8c0bacaf106",
    "productId": "110015",
    "salesRepId": "68f223cba2a7a8c0bacaf102",
    "customerName": "Miami Wholesale Market",
    "productCode": "110015",
    "productDescription": "Roasted Garlic 12x12 OZ",
    "salesRepName": "David Brace",
    "yearMonth": "2024-07",
    "year": 2024,
    "month": 7,
    "quantity": 724,
    "unitPrice": 56.4,
    "totalSales": 40833.55,
    "costPrice": 45.0,
    "cogs": 32580.0,
    "grossProfit": 8253.55,
    "grossProfitPercent": 20.21,
    "createdAt": "2024-07-17T18:11:32.453000"
  },
  {
    "_id": "68f63504395ee60aab55afde",
    "customerId": "68f40c2e3ba93a56927f0638",
    "productId": "150025",
    "salesRepId": "default-rep",
    "customerName": "Test Customer",
    "productCode": "150025",
    "productDescription": "Cilantro Paste 20 LB Bag",
    "salesRepName": "Default Sales Rep",
    "yearMonth": "2024-07",
    "year": 2024,
    "month": 7,
    "quantity": 109,
    "unitPrice": 42.09,
    "totalSales": 4588.29,
    "costPrice": 32.0,
    "cogs": 3488.0,
    "grossProfit": 1100.29,
    "grossProfitPercent": 23.98,
    "createdAt": "2024-07-17T18:11:32.453000"
  },
  {
    "_id": "68f63504395ee60aab55afdf",
    "customerId": "68f40e06af149842280c2a60",
    "productId": "110002",
    "salesRepId": "default-rep",
    "customerName": "huzaifa1144",
    "productCode": "110002",
    "productDescription": "Peeled Garlic 12x3 LB Garland",
    "salesRepName": "Default Sales Rep",
    "yearMonth": "2024-07",
    "year": 2024,
    "month": 7,
    "quantity": 706,
    "unitPrice": 90.35,
    "totalSales": 63785.35,
    "costPrice": 75.0,
    "cogs": 52950.0,
    "grossProfit": 10835.35,
    "grossProfitPercent": 16.99,
    "createdAt": "2024-07-17T18:11:32.453000"
  },
  {
    "_id": "68f63504395ee60aab55afe0",
    "customerId": "68f223cba2a7a8c0bacaf108",
    "productId": "77",
    "salesRepId": "68f223cba2a7a8c0bacaf102",
    "customerName": "Garden Valley Foods",
    "productCode": "77",
    "productDescription": "hok",
    "salesRepName": "David Brace",
    "yearMonth": "2024-07",
    "year": 2024,
    "month": 7,
    "quantity": 922,
    "unitPrice": 886.77,
    "totalSales": 817599.42,
    "costPrice": 78.0,
    "cogs": 71916.0,
    "grossProfit": 745683.42,
    "grossProfitPercent": 91.2,
    "createdAt": "2024-07-17T18:11:32.453000"
  },
  {
    "_id": "68f63504395ee60aab55afe1",
    "customerId": "68f40feba7f4ddac94cbab5d",
    "productId": "323",
    "salesRepId": "default-rep",
    "customerName": "huzaifa1144",
    "productCode": "323",
    "productDescription": "3432",
    "salesRepName": "Default Sales Rep",
    "yearMonth": "2024-08",
    "year": 2024,
    "month": 8,
    "quantity": 601,
    "unitPrice": 323.48,
    "totalSales": 194410.22,
    "costPrice": 23432.0,
    "cogs": 14082632.0,
    "grossProfit": -13888221.78,
    "grossProfitPercent": -7143.77,
    "createdAt": "2024-08-16T18:11:32.453000"
  },
  {
    "_id": "68f63504395ee60aab55afe2",
    "customerId": "68f223cba2a7a8c0bacaf106",
    "productId": "150025",
    "salesRepId": "68f223cba2a7a8c0bacaf102",
    "customerName": "Miami Wholesale Market",
    "productCode": "150025",
    "productDescription": "Cilantro Paste 20 LB Bag",
    "salesRepName": "David Brace",
    "yearMonth": "2024-08",
    "year": 2024,
    "month": 8,
    "quantity": 201,
    "unitPrice": 42.22,
    "totalSales": 8485.85,
    "costPrice": 32.0,
    "cogs": 6432.0,
    "grossProfit": 2053.85,
    "grossProfitPercent": 24.2,
    "createdAt": "2024-08-16T18:11:32.453000"
  },
  {
    "_id": "68f63504395ee60aab55afe3",
    "customerId": "68f40feba7f4ddac94cbab5d",
    "productId": "140020",
    "salesRepId": "default-rep",
    "customerName": "huzaifa1144",
    "productCode": "140020",
    "productDescription": "Mixed Herbs 24x8 OZ",
    "salesRepName": "Default Sales Rep",
    "yearMonth": "2024-08",
    "year": 2024,
    "month": 8,
    "quantity": 229,
    "unitPrice": 63.42,
    "totalSales": 14522.94,
    "costPrice": 48.0,
    "cogs": 10992.0,
    "grossProfit": 3530.94,
    "grossProfitPercent": 24.31,
    "createdAt": "2024-08-16T18:11:32.453000"
  },
  {
    "_id": "68f63504395ee60aab55afe4",
    "customerId": "68f223cba2a7a8c0bacaf104",
    "productId": "120015",
    "salesRepId": "68f223cba2a7a8c0bacaf102",
    "customerName": "Canadawide Fruit Wholesalers Inc.",
    "productCode": "120015",
    "productDescription": "Ginger Paste 30 LB Bucket",
    "salesRepName": "David Brace",
    "yearMonth": "2024-08",
    "year": 2024,
    "month": 8,
    "quantity": 702,
    "unitPrice": 86.09,
    "totalSales": 60435.65,
    "costPrice": 68.0,
    "cogs": 47736.0,
    "grossProfit": 12699.65,
    "grossProfitPercent": 21.01,
    "createdAt": "2024-08-16T18:11:32.453000"
  },
  {
    "_id": "68f63504395ee60aab55afe5",
    "customerId": "68f40e06af149842280c2a60",
    "productId": "110015",
    "salesRepId": "default-rep",
    "customerName": "huzaifa1144",
    "productCode": "110015",
    "productDescription": "Roasted Garlic 12x12 OZ",
    "salesRepName": "Default Sales Rep",
    "yearMonth": "2024-08",
    "year": 2024,
    "month": 8,
    "quantity": 317,
    "unitPrice": 55.36,
    "totalSales": 17547.92,
    "costPrice": 45.0,
    "cogs": 14265.0,
    "grossProfit": 3282.92,
    "grossProfitPercent": 18.71,
    "createdAt": "2024-08-16T18:11:32.453000"
  },
  {
    "_id": "68f63504395ee60aab55afe6",
    "customerId": "68f223cba2a7a8c0bacaf106",
    "productId": "140020",
    "salesRepId": "68f223cba2a7a8c0bacaf102",
    "customerName": "Miami Wholesale Market",
    "productCode": "140020",
    "productDescription": "Mixed Herbs 24x8 OZ",
    "salesRepName": "David Brace",
    "yearMonth": "2024-08",
    "year": 2024,
    "month": 8,
    "quantity": 521,
    "unitPrice": 65.75,
    "totalSales": 34257.68,
    "costPrice": 48.0,
    "cogs": 25008.0,
    "grossProfit": 9249.68,
    "grossProfitPercent": 27.0,
    "createdAt": "2024-08-16T18:11:32.453000"
  },
  {
    "_id": "68f63504395ee60aab55afe7",
    "customerId": "68f40e06af149842280c2a60",
    "productId": "323",
    "salesRepId": "default-rep",
    "customerName": "huzaifa1144",
    "productCode": "323",
    "productDescription": "3432",
    "salesRepName": "Default Sales Rep",
    "yearMonth": "2024-08",
    "year": 2024,
    "month": 8,
    "quantity": 486,
    "unitPrice": 319.78,
    "totalSales": 155411.13,
    "costPrice": 23432.0,
    "cogs": 11387952.0,
    "grossProfit": -11232540.87,
    "grossProfitPercent": -7227.63,
    "createdAt": "2024-08-16T18:11:32.453000"
  },
  {
    "_id": "68f63504395ee60aab55afe8",
    "customerId": "68f40c2e3ba93a56927f0638",
    "productId": "110002",
    "salesRepId": "default-rep",
    "customerName": "Test Customer",
    "productCode": "110002",
    "productDescription": "Peeled Garlic 12x3 LB Garland",
    "salesRepName": "Default Sales Rep",
    "yearMonth": "2024-08",
    "year": 2024,
    "month": 8,
    "quantity": 637,
    "unitPrice": 91.98,
    "totalSales": 58590.03,
    "costPrice": 75.0,
    "cogs": 47775.0,
    "grossProfit": 10815.03,
    "grossProfitPercent": 18.46,
    "createdAt": "2024-08-16T18:11:32.453000"
  },
  {
    "_id": "68f63504395ee60aab55afe9",
    "customerId": "68f40c2e3ba93a56927f0638",
    "productId": "77",
    "salesRepId": "default-rep",
    "customerName": "Test Customer",
    "productCode": "77",
    "productDescription": "hok",
    "salesRepName": "Default Sales Rep",
    "yearMonth": "2024-09",
    "year": 2024,
    "month": 9,
    "quantity": 890,
    "unitPrice": 889.6,
    "totalSales": 791744.46,
    "costPrice": 78.0,
    "cogs": 69420.0,
    "grossProfit": 722324.46,
    "grossProfitPercent": 91.23,
    "createdAt": "2024-09-15T18:11:32.453000"
  },
  {
    "_id": "68f63504395ee60aab55afea",
    "customerId": "68f40e06af149842280c2a60",
    "productId": "130030",
    "salesRepId": "default-rep",
    "customerName": "huzaifa1144",
    "productCode": "130030",
    "productDescription": "Garlic Puree 40 LB Bag",
    "salesRepName": "Default Sales Rep",
    "yearMonth": "2024-09",
    "year": 2024,
    "month": 9,
    "quantity": 287,
    "unitPrice": 70.48,
    "totalSales": 20228.74,
    "costPrice": 55.0,
    "cogs": 15785.0,
    "grossProfit": 4443.74,
    "grossProfitPercent": 21.97,
    "createdAt": "2024-09-15T18:11:32.453000"
  },
  {
    "_id": "68f63504395ee60aab55afeb",
    "customerId": "68f223cba2a7a8c0bacaf107",
    "productId": "110005",
    "salesRepId": "68f223cba2a7a8c0bacaf102",
    "customerName": "Fresh Produce Distributors",
    "productCode": "110005",
    "productDescription": "Chopped Garlic 12x16 OZ",
    "salesRepName": "David Brace",
    "yearMonth": "2024-09",
    "year": 2024,
    "month": 9,
    "quantity": 237,
    "unitPrice": 50.32,
    "totalSales": 11926.11,
    "costPrice": 38.0,
    "cogs": 9006.0,
    "grossProfit": 2920.11,
    "grossProfitPercent": 24.49,
    "createdAt": "2024-09-15T18:11:32.453000"
  },
  {
    "_id": "68f63504395ee60aab55afec",
    "customerId": "68f223cba2a7a8c0bacaf104",
    "productId": "110015",
    "salesRepId": "68f223cba2a7a8c0bacaf102",
    "customerName": "Canadawide Fruit Wholesalers Inc.",
    "productCode": "110015",
    "productDescription": "Roasted Garlic 12x12 OZ",
    "salesRepName": "David Brace",
    "yearMonth": "2024-09",
    "year": 2024,
    "month": 9,
    "quantity": 282,
    "unitPrice": 58.94,
    "totalSales": 16621.36,
    "costPrice": 45.0,
    "cogs": 12690.0,
    "grossProfit": 3931.36,
    "grossProfitPercent": 23.65,
    "createdAt": "2024-09-15T18:11:32.453000"
  },
  {
    "_id": "68f63504395ee60aab55afed",
    "customerId": "68f223cba2a7a8c0bacaf103",
    "productId": "77",
    "salesRepId": "68f223cba2a7a8c0bacaf102",
    "customerName": "Industria Los Patitos, S.A.",
    "productCode": "77",
    "productDescription": "hok",
    "salesRepName": "David Brace",
    "yearMonth": "2024-09",
    "year": 2024,
    "month": 9,
    "quantity": 426,
    "unitPrice": 883.62,
    "totalSales": 376422.21,
    "costPrice": 78.0,
    "cogs": 33228.0,
    "grossProfit": 343194.21,
    "grossProfitPercent": 91.17,
    "createdAt": "2024-09-15T18:11:32.453000"
  },
  {
    "_id": "68f63504395ee60aab55afee",
    "customerId": "68f40feba7f4ddac94cbab5d",
    "productId": "77",
    "salesRepId": "default-rep",
    "customerName": "huzaifa1144",
    "productCode": "77",
    "productDescription": "hok",
    "salesRepName": "Default Sales Rep",
    "yearMonth": "2024-09",
    "year": 2024,
    "month": 9,
    "quantity": 495,
    "unitPrice": 886.22,
    "totalSales": 438681.08,
    "costPrice": 78.0,
    "cogs": 38610.0,
    "grossProfit": 400071.08,
    "grossProfitPercent": 91.2,
    "createdAt": "2024-09-15T18:11:32.453000"
  },
  {
    "_id": "68f63504395ee60aab55afef",
    "customerId": "68f223cba2a7a8c0bacaf108",
    "productId": "110015",
    "salesRepId": "68f223cba2a7a8c0bacaf102",
    "customerName": "Garden Valley Foods",
    "productCode": "110015",
    "productDescription": "Roasted Garlic 12x12 OZ",
    "salesRepName": "David Brace",
    "yearMonth": "2024-09",
    "year": 2024,
    "month": 9,
    "quantity": 452,
    "unitPrice": 53.64,
    "totalSales": 24244.25,
    "costPrice": 45.0,
    "cogs": 20340.0,
    "grossProfit": 3904.25,
    "grossProfitPercent": 16.1,
    "createdAt": "2024-09-15T18:11:32.453000"
  },
  {
    "_id": "68f63504395ee60aab55aff0",
    "customerId": "68f223cba2a7a8c0bacaf105",
    "productId": "120015",
    "salesRepId": "68f223cba2a7a8c0bacaf102",
    "customerName": "A&A Organic Farms Corp.",
    "productCode": "120015",
    "productDescription": "Ginger Paste 30 LB Bucket",
    "salesRepName": "David Brace",
    "yearMonth": "2024-09",
    "year": 2024,
    "month": 9,
    "quantity": 798,
    "unitPrice": 81.8,
    "totalSales": 65276.93,
    "costPrice": 68.0,
    "cogs": 54264.0,
    "grossProfit": 11012.93,
    "grossProfitPercent": 16.87,
    "createdAt": "2024-09-15T18:11:32.453000"
  },
  {
    "_id": "68f63504395ee60aab55aff1",
    "customerId": "68f40dc3af149842280c2a5f",
    "productId": "110015",
    "salesRepId": "default-rep",
    "customerName": "huzaifa11",
    "productCode": "110015",
    "productDescription": "Roasted Garlic 12x12 OZ",
    "salesRepName": "Default Sales Rep",
    "yearMonth": "2024-10",
    "year": 2024,
    "month": 10,
    "quantity": 660,
    "unitPrice": 55.52,
    "totalSales": 36643.39,
    "costPrice": 45.0,
    "cogs": 29700.0,
    "grossProfit": 6943.39,
    "grossProfitPercent": 18.95,
    "createdAt": "2024-10-15T18:11:32.453000"
  },
  {
    "_id": "68f63504395ee60aab55aff2",
    "customerId": "68f40c2e3ba93a56927f0638",
    "productId": "110010",
    "salesRepId": "default-rep",
    "customerName": "Test Customer",
    "productCode": "110010",
    "productDescription": "Minced Garlic 6x32 OZ",
    "salesRepName": "Default Sales Rep",
    "yearMonth": "2024-10",
    "year": 2024,
    "month": 10,
    "quantity": 396,
    "unitPrice": 54.87,
    "totalSales": 21729.0,
    "costPrice": 42.0,
    "cogs": 16632.0,
    "grossProfit": 5097.0,
    "grossProfitPercent": 23.46,
    "createdAt": "2024-10-15T18:11:32.453000"
  },
  {
    "_id": "68f63504395ee60aab55aff3",
    "customerId": "68f223cba2a7a8c0bacaf107",
    "productId": "150025",
    "salesRepId": "68f223cba2a7a8c0bacaf102",
    "customerName": "Fresh Produce Distributors",
    "productCode": "150025",
    "productDescription": "Cilantro Paste 20 LB Bag",
    "salesRepName": "David Brace",
    "yearMonth": "2024-10",
    "year": 2024,
    "month": 10,
    "quantity": 875,
    "unitPrice": 46.49,
    "totalSales": 40680.08,
    "costPrice": 32.0,
    "cogs": 28000.0,
    "grossProfit": 12680.08,
    "grossProfitPercent": 31.17,
    "createdAt": "2024-10-15T18:11:32.453000"
  },
  {
    "_id": "68f63504395ee60aab55aff4",
    "customerId": "68f223cba2a7a8c0bacaf107",
    "productId": "110001",
    "salesRepId": "68f223cba2a7a8c0bacaf102",
    "customerName": "Fresh Produce Distributors",
    "productCode": "110001",
    "productDescription": "Peeled Garlic 12x1 LB Garland",
    "salesRepName": "David Brace",
    "yearMonth": "2024-10",
    "year": 2024,
    "month": 10,
    "quantity": 366,
    "unitPrice": 55.83,
    "totalSales": 20433.38,
    "costPrice": 40.0,
    "cogs": 14640.0,
    "grossProfit": 5793.38,
    "grossProfitPercent": 28.35,
    "createdAt": "2024-10-15T18:11:32.453000"
  },
  {
    "_id": "68f63504395ee60aab55aff5",
    "customerId": "68f40feba7f4ddac94cbab5d",
    "productId": "110015",
    "salesRepId": "default-rep",
    "customerName": "huzaifa1144",
    "productCode": "110015",
    "productDescription": "Roasted Garlic 12x12 OZ",
    "salesRepName": "Default Sales Rep",
    "yearMonth": "2024-10",
    "year": 2024,
    "month": 10,
    "quantity": 292,
    "unitPrice": 55.14,
    "totalSales": 16101.18,
    "costPrice": 45.0,
    "cogs": 13140.0,
    "grossProfit": 2961.18,
    "grossProfitPercent": 18.39,
    "createdAt": "2024-10-15T18:11:32.453000"
  },
  {
    "_id": "68f63504395ee60aab55aff6",
    "customerId": "68f40dc3af149842280c2a5f",
    "productId": "110001",
    "salesRepId": "default-rep",
    "customerName": "huzaifa11",
    "productCode": "110001",
    "productDescription": "Peeled Garlic 12x1 LB Garland",
    "salesRepName": "Default Sales Rep",
    "yearMonth": "2024-10",
    "year": 2024,
    "month": 10,
    "quantity": 366,
    "unitPrice": 47.25,
    "totalSales": 17292.14,
    "costPrice": 40.0,
    "cogs": 14640.0,
    "grossProfit": 2652.14,
    "grossProfitPercent": 15.34,
    "createdAt": "2024-10-15T18:11:32.453000"
  },
  {
    "_id": "68f63504395ee60aab55aff7",
    "customerId": "68f223cba2a7a8c0bacaf105",
    "productId": "110010",
    "salesRepId": "68f223cba2a7a8c0bacaf102",
    "customerName": "A&A Organic Farms Corp.",
    "productCode": "110010",
    "productDescription": "Minced Garlic 6x32 OZ",
    "salesRepName": "David Brace",
    "yearMonth": "2024-10",
    "year": 2024,
    "month": 10,
    "quantity": 1039,
    "unitPrice": 55.85,
    "totalSales": 58027.79,
    "costPrice": 42.0,
    "cogs": 43638.0,
    "grossProfit": 14389.79,
    "grossProfitPercent": 24.8,
    "createdAt": "2024-10-15T18:11:32.453000"
  },
  {
    "_id": "68f63504395ee60aab55aff8",
    "customerId": "68f223cba2a7a8c0bacaf108",
    "productId": "110002",
    "salesRepId": "68f223cba2a7a8c0bacaf102",
    "customerName": "Garden Valley Foods",
    "productCode": "110002",
    "productDescription": "Peeled Garlic 12x3 LB Garland",
    "salesRepName": "David Brace",
    "yearMonth": "2024-11",
    "year": 2024,
    "month": 11,
    "quantity": 337,
    "unitPrice": 91.34,
    "totalSales": 30781.49,
    "costPrice": 75.0,
    "cogs": 25275.0,
    "grossProfit": 5506.49,
    "grossProfitPercent": 17.89,
    "createdAt": "2024-11-14T18:11:32.453000"
  },
  {
    "_id": "68f63504395ee60aab55aff9",
    "customerId": "68f40c2e3ba93a56927f0638",
    "productId": "323",
    "salesRepId": "default-rep",
    "customerName": "Test Customer",
    "productCode": "323",
    "productDescription": "3432",
    "salesRepName": "Default Sales Rep",
    "yearMonth": "2024-11",
    "year": 2024,
    "month": 11,
    "quantity": 199,
    "unitPrice": 325.68,
    "totalSales": 64810.17,
    "costPrice": 23432.0,
    "cogs": 4662968.0,
    "grossProfit": -4598157.83,
    "grossProfitPercent": -7094.81,
    "createdAt": "2024-11-14T18:11:32.453000"
  },
  {
    "_id": "68f63504395ee60aab55affa",
    "customerId": "68f40c2e3ba93a56927f0638",
    "productId": "120015",
    "salesRepId": "default-rep",
    "customerName": "Test Customer",
    "productCode": "120015",
    "productDescription": "Ginger Paste 30 LB Bucket",
    "salesRepName": "Default Sales Rep",
    "yearMonth": "2024-11",
    "year": 2024,
    "month": 11,
    "quantity": 604,
    "unitPrice": 80.1,
    "totalSales": 48377.87,
    "costPrice": 68.0,
    "cogs": 41072.0,
    "grossProfit": 7305.87,
    "grossProfitPercent": 15.1,
    "createdAt": "2024-11-14T18:11:32.453000"
  },
  {
    "_id": "68f63504395ee60aab55affb",
    "customerId": "68f223cba2a7a8c0bacaf104",
    "productId": "110002",
    "salesRepId": "68f223cba2a7a8c0bacaf102",
    "customerName": "Canadawide Fruit Wholesalers Inc.",
    "productCode": "110002",
    "productDescription": "Peeled Garlic 12x3 LB Garland",
    "salesRepName": "David Brace",
    "yearMonth": "2024-11",
    "year": 2024,
    "month": 11,
    "quantity": 803,
    "unitPrice": 94.74,
    "totalSales": 76079.79,
    "costPrice": 75.0,
    "cogs": 60225.0,
    "grossProfit": 15854.79,
    "grossProfitPercent": 20.84,
    "createdAt": "2024-11-14T18:11:32.453000"
  },
  {
    "_id": "68f63504395ee60aab55affc",
    "customerId": "68f223cba2a7a8c0bacaf104",
    "productId": "120015",
    "salesRepId": "68f223cba2a7a8c0bacaf102",
    "customerName": "Canadawide Fruit Wholesalers Inc.",
    "productCode": "120015",
    "productDescription": "Ginger Paste 30 LB Bucket",
    "salesRepName": "David Brace",
    "yearMonth": "2024-11",
    "year": 2024,
    "month": 11,
    "quantity": 1007,
    "unitPrice": 86.98,
    "totalSales": 87591.7,
    "costPrice": 68.0,
    "cogs": 68476.0,
    "grossProfit": 19115.7,
    "grossProfitPercent": 21.82,
    "createdAt": "2024-11-14T18:11:32.453000"
  },
  {
    "_id": "68f63504395ee60aab55affd",
    "customerId": "68f40e06af149842280c2a60",
    "productId": "77",
    "salesRepId": "default-rep",
    "customerName": "huzaifa1144",
    "productCode": "77",
    "productDescription": "hok",
    "salesRepName": "Default Sales Rep",
    "yearMonth": "2024-11",
    "year": 2024,
    "month": 11,
    "quantity": 768,
    "unitPrice": 892.3,
    "totalSales": 685284.49,
    "costPrice": 78.0,
    "cogs": 59904.0,
    "grossProfit": 625380.49,
    "grossProfitPercent": 91.26,
    "createdAt": "2024-11-14T18:11:32.453000"
  },
  {
    "_id": "68f63504395ee60aab55affe",
    "customerId": "68f40dc3af149842280c2a5f",
    "productId": "110001",
    "salesRepId": "default-rep",
    "customerName": "huzaifa11",
    "productCode": "110001",
    "productDescription": "Peeled Garlic 12x1 LB Garland",
    "salesRepName": "Default Sales Rep",
    "yearMonth": "2024-11",
    "year": 2024,
    "month": 11,
    "quantity": 202,
    "unitPrice": 55.76,
    "totalSales": 11264.04,
    "costPrice": 40.0,
    "cogs": 8080.0,
    "grossProfit": 3184.04,
    "grossProfitPercent": 28.27,
    "createdAt": "2024-11-14T18:11:32.453000"
  },
  {
    "_id": "68f63504395ee60aab55afff",
    "customerId": "68f40dc3af149842280c2a5f",
    "productId": "77",
    "salesRepId": "default-rep",
    "customerName": "huzaifa11",
    "productCode": "77",
    "productDescription": "hok",
    "salesRepName": "Default Sales Rep",
    "yearMonth": "2024-12",
    "year": 2024,
    "month": 12,
    "quantity": 688,
    "unitPrice": 884.31,
    "totalSales": 608402.85,
    "costPrice": 78.0,
    "cogs": 53664.0,
    "grossProfit": 554738.85,
    "grossProfitPercent": 91.18,
    "createdAt": "2024-12-14T18:11:32.453000"
  },
  {
    "_id": "68f63504395ee60aab55b000",
    "customerId": "68f223cba2a7a8c0bacaf103",
    "productId": "110010",
    "salesRepId": "68f223cba2a7a8c0bacaf102",
    "customerName": "Industria Los Patitos, S.A.",
    "productCode": "110010",
    "productDescription": "Minced Garlic 6x32 OZ",
    "salesRepName": "David Brace",
    "yearMonth": "2024-12",
    "year": 2024,
    "month": 12,
    "quantity": 992,
    "unitPrice": 57.58,
    "totalSales": 57119.49,
    "costPrice": 42.0,
    "cogs": 41664.0,
    "grossProfit": 15455.49,
    "grossProfitPercent": 27.06,
    "createdAt": "2024-12-14T18:11:32.453000"
  },
  {
    "_id": "68f63504395ee60aab55b001",
    "customerId": "68f223cba2a7a8c0bacaf106",
    "productId": "110001",
    "salesRepId": "68f223cba2a7a8c0bacaf102",
    "customerName": "Miami Wholesale Market",
    "productCode": "110001",
    "productDescription": "Peeled Garlic 12x1 LB Garland",
    "salesRepName": "David Brace",
    "yearMonth": "2024-12",
    "year": 2024,
    "month": 12,
    "quantity": 276,
    "unitPrice": 56.95,
    "totalSales": 15717.2,
    "costPrice": 40.0,
    "cogs": 11040.0,
    "grossProfit": 4677.2,
    "grossProfitPercent": 29.76,
    "createdAt": "2024-12-14T18:11:32.453000"
  },
  {
    "_id": "68f63504395ee60aab55b002",
    "customerId": "68f40e06af149842280c2a60",
    "productId": "110010",
    "salesRepId": "default-rep",
    "customerName": "huzaifa1144",
    "productCode": "110010",
    "productDescription": "Minced Garlic 6x32 OZ",
    "salesRepName": "Default Sales Rep",
    "yearMonth": "2024-12",
    "year": 2024,
    "month": 12,
    "quantity": 419,
    "unitPrice": 54.59,
    "totalSales": 22871.31,
    "costPrice": 42.0,
    "cogs": 17598.0,
    "grossProfit": 5273.31,
    "grossProfitPercent": 23.06,
    "createdAt": "2024-12-14T18:11:32.453000"
  },
  {
    "_id": "68f63504395ee60aab55b003",
    "customerId": "68f40dc3af149842280c2a5f",
    "productId": "323",
    "salesRepId": "default-rep",
    "customerName": "huzaifa11",
    "productCode": "323",
    "productDescription": "3432",
    "salesRepName": "Default Sales Rep",
    "yearMonth": "2024-12",
    "year": 2024,
    "month": 12,
    "quantity": 778,
    "unitPrice": 327.14,
    "totalSales": 254515.26,
    "costPrice": 23432.0,
    "cogs": 18230096.0,
    "grossProfit": -17975580.74,
    "grossProfitPercent": -7062.67,
    "createdAt": "2024-12-14T18:11:32.453000"
  },
  {
    "_id": "68f63504395ee60aab55b004",
    "customerId": "68f223cba2a7a8c0bacaf106",
    "productId": "110015",
    "salesRepId": "68f223cba2a7a8c0bacaf102",
    "customerName": "Miami Wholesale Market",
    "productCode": "110015",
    "productDescription": "Roasted Garlic 12x12 OZ",
    "salesRepName": "David Brace",
    "yearMonth": "2025-01",
    "year": 2025,
    "month": 1,
    "quantity": 1015,
    "unitPrice": 60.09,
    "totalSales": 60990.69,
    "costPrice": 45.0,
    "cogs": 45675.0,
    "grossProfit": 15315.69,
    "grossProfitPercent": 25.11,
    "createdAt": "2025-01-13T18:11:32.453000"
  },
  {
    "_id": "68f63504395ee60aab55b005",
    "customerId": "68f223cba2a7a8c0bacaf108",
    "productId": "140020",
    "salesRepId": "68f223cba2a7a8c0bacaf102",
    "customerName": "Garden Valley Foods",
    "productCode": "140020",
    "productDescription": "Mixed Herbs 24x8 OZ",
    "salesRepName": "David Brace",
    "yearMonth": "2025-01",
    "year": 2025,
    "month": 1,
    "quantity": 582,
    "unitPrice": 62.68,
    "totalSales": 36478.06,
    "costPrice": 48.0,
    "cogs": 27936.0,
    "grossProfit": 8542.06,
    "grossProfitPercent": 23.42,
    "createdAt": "2025-01-13T18:11:32.453000"
  },
  {
    "_id": "68f63504395ee60aab55b006",
    "customerId": "68f223cba2a7a8c0bacaf104",
    "productId": "140020",
    "salesRepId": "68f223cba2a7a8c0bacaf102",
    "customerName": "Canadawide Fruit Wholesalers Inc.",
    "productCode": "140020",
    "productDescription": "Mixed Herbs 24x8 OZ",
    "salesRepName": "David Brace",
    "yearMonth": "2025-01",
    "year": 2025,
    "month": 1,
    "quantity": 724,
    "unitPrice": 62.65,
    "totalSales": 45357.84,
    "costPrice": 48.0,
    "cogs": 34752.0,
    "grossProfit": 10605.84,
    "grossProfitPercent": 23.38,
    "createdAt": "2025-01-13T18:11:32.453000"
  },
  {
    "_id": "68f63504395ee60aab55b007",
    "customerId": "68f223cba2a7a8c0bacaf108",
    "productId": "130030",
    "salesRepId": "68f223cba2a7a8c0bacaf102",
    "customerName": "Garden Valley Foods",
    "productCode": "130030",
    "productDescription": "Garlic Puree 40 LB Bag",
    "salesRepName": "David Brace",
    "yearMonth": "2025-01",
    "year": 2025,
    "month": 1,
    "quantity": 591,
    "unitPrice": 73.52,
    "totalSales": 43450.89,
    "costPrice": 55.0,
    "cogs": 32505.0,
    "grossProfit": 10945.89,
    "grossProfitPercent": 25.19,
    "createdAt": "2025-01-13T18:11:32.453000"
  },
  {
    "_id": "68f63504395ee60aab55b008",
    "customerId": "68f223cba2a7a8c0bacaf108",
    "productId": "110005",
    "salesRepId": "68f223cba2a7a8c0bacaf102",
    "customerName": "Garden Valley Foods",
    "productCode": "110005",
    "productDescription": "Chopped Garlic 12x16 OZ",
    "salesRepName": "David Brace",
    "yearMonth": "2025-01",
    "year": 2025,
    "month": 1,
    "quantity": 203,
    "unitPrice": 50.04,
    "totalSales": 10158.11,
    "costPrice": 38.0,
    "cogs": 7714.0,
    "grossProfit": 2444.11,
    "grossProfitPercent": 24.06,
    "createdAt": "2025-01-13T18:11:32.453000"
  },
  {
    "_id": "68f63504395ee60aab55b009",
    "customerId": "68f223cba2a7a8c0bacaf108",
    "productId": "150025",
    "salesRepId": "68f223cba2a7a8c0bacaf102",
    "customerName": "Garden Valley Foods",
    "productCode": "150025",
    "productDescription": "Cilantro Paste 20 LB Bag",
    "salesRepName": "David Brace",
    "yearMonth": "2025-01",
    "year": 2025,
    "month": 1,
    "quantity": 390,
    "unitPrice": 41.93,
    "totalSales": 16351.13,
    "costPrice": 32.0,
    "cogs": 12480.0,
    "grossProfit": 3871.13,
    "grossProfitPercent": 23.68,
    "createdAt": "2025-01-13T18:11:32.453000"
  },
  {
    "_id": "68f63504395ee60aab55b00a",
    "customerId": "68f223cba2a7a8c0bacaf107",
    "productId": "130030",
    "salesRepId": "68f223cba2a7a8c0bacaf102",
    "customerName": "Fresh Produce Distributors",
    "productCode": "130030",
    "productDescription": "Garlic Puree 40 LB Bag",
    "salesRepName": "David Brace",
    "yearMonth": "2025-01",
    "year": 2025,
    "month": 1,
    "quantity": 805,
    "unitPrice": 67.72,
    "totalSales": 54511.71,
    "costPrice": 55.0,
    "cogs": 44275.0,
    "grossProfit": 10236.71,
    "grossProfitPercent": 18.78,
    "createdAt": "2025-01-13T18:11:32.453000"
  },
  {
    "_id": "68f63504395ee60aab55b00b",
    "customerId": "68f223cba2a7a8c0bacaf103",
    "productId": "120015",
    "salesRepId": "68f223cba2a7a8c0bacaf102",
    "customerName": "Industria Los Patitos, S.A.",
    "productCode": "120015",
    "productDescription": "Ginger Paste 30 LB Bucket",
    "salesRepName": "David Brace",
    "yearMonth": "2025-02",
    "year": 2025,
    "month": 2,
    "quantity": 636,
    "unitPrice": 84.4,
    "totalSales": 53679.85,
    "costPrice": 68.0,
    "cogs": 43248.0,
    "grossProfit": 10431.85,
    "grossProfitPercent": 19.43,
    "createdAt": "2025-02-12T18:11:32.453000"
  },
  {
    "_id": "68f63504395ee60aab55b00c",
    "customerId": "68f223cba2a7a8c0bacaf106",
    "productId": "110001",
    "salesRepId": "68f223cba2a7a8c0bacaf102",
    "customerName": "Miami Wholesale Market",
    "productCode": "110001",
    "productDescription": "Peeled Garlic 12x1 LB Garland",
    "salesRepName": "David Brace",
    "yearMonth": "2025-02",
    "year": 2025,
    "month": 2,
    "quantity": 860,
    "unitPrice": 51.32,
    "totalSales": 44136.47,
    "costPrice": 40.0,
    "cogs": 34400.0,
    "grossProfit": 9736.47,
    "grossProfitPercent": 22.06,
    "createdAt": "2025-02-12T18:11:32.453000"
  },
  {
    "_id": "68f63504395ee60aab55b00d",
    "customerId": "68f223cba2a7a8c0bacaf105",
    "productId": "110015",
    "salesRepId": "68f223cba2a7a8c0bacaf102",
    "customerName": "A&A Organic Farms Corp.",
    "productCode": "110015",
    "productDescription": "Roasted Garlic 12x12 OZ",
    "salesRepName": "David Brace",
    "yearMonth": "2025-02",
    "year": 2025,
    "month": 2,
    "quantity": 132,
    "unitPrice": 59.06,
    "totalSales": 7796.18,
    "costPrice": 45.0,
    "cogs": 5940.0,
    "grossProfit": 1856.18,
    "grossProfitPercent": 23.81,
    "createdAt": "2025-02-12T18:11:32.453000"
  },
  {
    "_id": "68f63504395ee60aab55b00e",
    "customerId": "68f223cba2a7a8c0bacaf105",
    "productId": "110005",
    "salesRepId": "68f223cba2a7a8c0bacaf102",
    "customerName": "A&A Organic Farms Corp.",
    "productCode": "110005",
    "productDescription": "Chopped Garlic 12x16 OZ",
    "salesRepName": "David Brace",
    "yearMonth": "2025-02",
    "year": 2025,
    "month": 2,
    "quantity": 1016,
    "unitPrice": 43.34,
    "totalSales": 44030.63,
    "costPrice": 38.0,
    "cogs": 38608.0,
    "grossProfit": 5422.63,
    "grossProfitPercent": 12.32,
    "createdAt": "2025-02-12T18:11:32.453000"
  },
  {
    "_id": "68f63504395ee60aab55b00f",
    "customerId": "68f223cba2a7a8c0bacaf106",
    "productId": "323",
    "salesRepId": "68f223cba2a7a8c0bacaf102",
    "customerName": "Miami Wholesale Market",
    "productCode": "323",
    "productDescription": "3432",
    "salesRepName": "David Brace",
    "yearMonth": "2025-02",
    "year": 2025,
    "month": 2,
    "quantity": 704,
    "unitPrice": 326.47,
    "totalSales": 229832.62,
    "costPrice": 23432.0,
    "cogs": 16496128.0,
    "grossProfit": -16266295.38,
    "grossProfitPercent": -7077.45,
    "createdAt": "2025-02-12T18:11:32.453000"
  },
  {
    "_id": "68f63504395ee60aab55b010",
    "customerId": "68f223cba2a7a8c0bacaf103",
    "productId": "110002",
    "salesRepId": "68f223cba2a7a8c0bacaf102",
    "customerName": "Industria Los Patitos, S.A.",
    "productCode": "110002",
    "productDescription": "Peeled Garlic 12x3 LB Garland",
    "salesRepName": "David Brace",
    "yearMonth": "2025-02",
    "year": 2025,
    "month": 2,
    "quantity": 932,
    "unitPrice": 92.31,
    "totalSales": 86033.06,
    "costPrice": 75.0,
    "cogs": 69900.0,
    "grossProfit": 16133.06,
    "grossProfitPercent": 18.75,
    "createdAt": "2025-02-12T18:11:32.453000"
  },
  {
    "_id": "68f63504395ee60aab55b011",
    "customerId": "68f40c2e3ba93a56927f0638",
    "productId": "110002",
    "salesRepId": "default-rep",
    "customerName": "Test Customer",
    "productCode": "110002",
    "productDescription": "Peeled Garlic 12x3 LB Garland",
    "salesRepName": "Default Sales Rep",
    "yearMonth": "2025-02",
    "year": 2025,
    "month": 2,
    "quantity": 748,
    "unitPrice": 92.73,
    "totalSales": 69359.38,
    "costPrice": 75.0,
    "cogs": 56100.0,
    "grossProfit": 13259.38,
    "grossProfitPercent": 19.12,
    "createdAt": "2025-02-12T18:11:32.453000"
  },
  {
    "_id": "68f63504395ee60aab55b012",
    "customerId": "68f223cba2a7a8c0bacaf108",
    "productId": "77",
    "salesRepId": "68f223cba2a7a8c0bacaf102",
    "customerName": "Garden Valley Foods",
    "productCode": "77",
    "productDescription": "hok",
    "salesRepName": "David Brace",
    "yearMonth": "2025-02",
    "year": 2025,
    "month": 2,
    "quantity": 165,
    "unitPrice": 887.86,
    "totalSales": 146497.17,
    "costPrice": 78.0,
    "cogs": 12870.0,
    "grossProfit": 133627.17,
    "grossProfitPercent": 91.21,
    "createdAt": "2025-02-12T18:11:32.453000"
  },
  {
    "_id": "68f63504395ee60aab55b013",
    "customerId": "68f40dc3af149842280c2a5f",
    "productId": "120015",
    "salesRepId": "default-rep",
    "customerName": "huzaifa11",
    "productCode": "120015",
    "productDescription": "Ginger Paste 30 LB Bucket",
    "salesRepName": "Default Sales Rep",
    "yearMonth": "2025-02",
    "year": 2025,
    "month": 2,
    "quantity": 165,
    "unitPrice": 87.08,
    "totalSales": 14368.98,
    "costPrice": 68.0,
    "cogs": 11220.0,
    "grossProfit": 3148.98,
    "grossProfitPercent": 21.92,
    "createdAt": "2025-02-12T18:11:32.453000"
  },
  {
    "_id": "68f63504395ee60aab55b014",
    "customerId": "68f40dc3af149842280c2a5f",
    "productId": "110002",
    "salesRepId": "default-rep",
    "customerName": "huzaifa11",
    "productCode": "110002",
    "productDescription": "Peeled Garlic 12x3 LB Garland",
    "salesRepName": "Default Sales Rep",
    "yearMonth": "2025-03",
    "year": 2025,
    "month": 3,
    "quantity": 329,
    "unitPrice": 93.16,
    "totalSales": 30650.39,
    "costPrice": 75.0,
    "cogs": 24675.0,
    "grossProfit": 5975.39,
    "grossProfitPercent": 19.5,
    "createdAt": "2025-03-14T18:11:32.453000"
  },
  {
    "_id": "68f63504395ee60aab55b015",
    "customerId": "68f40feba7f4ddac94cbab5d",
    "productId": "110015",
    "salesRepId": "default-rep",
    "customerName": "huzaifa1144",
    "productCode": "110015",
    "productDescription": "Roasted Garlic 12x12 OZ",
    "salesRepName": "Default Sales Rep",
    "yearMonth": "2025-03",
    "year": 2025,
    "month": 3,
    "quantity": 501,
    "unitPrice": 61.85,
    "totalSales": 30988.19,
    "costPrice": 45.0,
    "cogs": 22545.0,
    "grossProfit": 8443.19,
    "grossProfitPercent": 27.25,
    "createdAt": "2025-03-14T18:11:32.453000"
  },
  {
    "_id": "68f63504395ee60aab55b016",
    "customerId": "68f223cba2a7a8c0bacaf103",
    "productId": "140020",
    "salesRepId": "68f223cba2a7a8c0bacaf102",
    "customerName": "Industria Los Patitos, S.A.",
    "productCode": "140020",
    "productDescription": "Mixed Herbs 24x8 OZ",
    "salesRepName": "David Brace",
    "yearMonth": "2025-03",
    "year": 2025,
    "month": 3,
    "quantity": 344,
    "unitPrice": 65.81,
    "totalSales": 22639.01,
    "costPrice": 48.0,
    "cogs": 16512.0,
    "grossProfit": 6127.01,
    "grossProfitPercent": 27.06,
    "createdAt": "2025-03-14T18:11:32.453000"
  },
  {
    "_id": "68f63504395ee60aab55b017",
    "customerId": "68f223cba2a7a8c0bacaf108",
    "productId": "110001",
    "salesRepId": "68f223cba2a7a8c0bacaf102",
    "customerName": "Garden Valley Foods",
    "productCode": "110001",
    "productDescription": "Peeled Garlic 12x1 LB Garland",
    "salesRepName": "David Brace",
    "yearMonth": "2025-03",
    "year": 2025,
    "month": 3,
    "quantity": 792,
    "unitPrice": 49.86,
    "totalSales": 39491.71,
    "costPrice": 40.0,
    "cogs": 31680.0,
    "grossProfit": 7811.71,
    "grossProfitPercent": 19.78,
    "createdAt": "2025-03-14T18:11:32.453000"
  },
  {
    "_id": "68f63504395ee60aab55b018",
    "customerId": "68f40e06af149842280c2a60",
    "productId": "110015",
    "salesRepId": "default-rep",
    "customerName": "huzaifa1144",
    "productCode": "110015",
    "productDescription": "Roasted Garlic 12x12 OZ",
    "salesRepName": "Default Sales Rep",
    "yearMonth": "2025-03",
    "year": 2025,
    "month": 3,
    "quantity": 411,
    "unitPrice": 58.08,
    "totalSales": 23871.91,
    "costPrice": 45.0,
    "cogs": 18495.0,
    "grossProfit": 5376.91,
    "grossProfitPercent": 22.52,
    "createdAt": "2025-03-14T18:11:32.453000"
  },
  {
    "_id": "68f63504395ee60aab55b019",
    "customerId": "68f223cba2a7a8c0bacaf103",
    "productId": "77",
    "salesRepId": "68f223cba2a7a8c0bacaf102",
    "customerName": "Industria Los Patitos, S.A.",
    "productCode": "77",
    "productDescription": "hok",
    "salesRepName": "David Brace",
    "yearMonth": "2025-03",
    "year": 2025,
    "month": 3,
    "quantity": 980,
    "unitPrice": 891.31,
    "totalSales": 873480.22,
    "costPrice": 78.0,
    "cogs": 76440.0,
    "grossProfit": 797040.22,
    "grossProfitPercent": 91.25,
    "createdAt": "2025-03-14T18:11:32.453000"
  },
  {
    "_id": "68f63504395ee60aab55b01a",
    "customerId": "68f223cba2a7a8c0bacaf108",
    "productId": "110005",
    "salesRepId": "68f223cba2a7a8c0bacaf102",
    "customerName": "Garden Valley Foods",
    "productCode": "110005",
    "productDescription": "Chopped Garlic 12x16 OZ",
    "salesRepName": "David Brace",
    "yearMonth": "2025-03",
    "year": 2025,
    "month": 3,
    "quantity": 611,
    "unitPrice": 50.5,
    "totalSales": 30853.75,
    "costPrice": 38.0,
    "cogs": 23218.0,
    "grossProfit": 7635.75,
    "grossProfitPercent": 24.75,
    "createdAt": "2025-03-14T18:11:32.453000"
  },
  {
    "_id": "68f63504395ee60aab55b01b",
    "customerId": "68f223cba2a7a8c0bacaf103",
    "productId": "120015",
    "salesRepId": "68f223cba2a7a8c0bacaf102",
    "customerName": "Industria Los Patitos, S.A.",
    "productCode": "120015",
    "productDescription": "Ginger Paste 30 LB Bucket",
    "salesRepName": "David Brace",
    "yearMonth": "2025-03",
    "year": 2025,
    "month": 3,
    "quantity": 443,
    "unitPrice": 88.04,
    "totalSales": 39002.44,
    "costPrice": 68.0,
    "cogs": 30124.0,
    "grossProfit": 8878.44,
    "grossProfitPercent": 22.76,
    "createdAt": "2025-03-14T18:11:32.453000"
  },
  {
    "_id": "68f63504395ee60aab55b01c",
    "customerId": "68f40e06af149842280c2a60",
    "productId": "120015",
    "salesRepId": "default-rep",
    "customerName": "huzaifa1144",
    "productCode": "120015",
    "productDescription": "Ginger Paste 30 LB Bucket",
    "salesRepName": "Default Sales Rep",
    "yearMonth": "2025-03",
    "year": 2025,
    "month": 3,
    "quantity": 621,
    "unitPrice": 80.86,
    "totalSales": 50214.88,
    "costPrice": 68.0,
    "cogs": 42228.0,
    "grossProfit": 7986.88,
    "grossProfitPercent": 15.91,
    "createdAt": "2025-03-14T18:11:32.453000"
  },
  {
    "_id": "68f63504395ee60aab55b01d",
    "customerId": "68f40dc3af149842280c2a5f",
    "productId": "150025",
    "salesRepId": "default-rep",
    "customerName": "huzaifa11",
    "productCode": "150025",
    "productDescription": "Cilantro Paste 20 LB Bag",
    "salesRepName": "Default Sales Rep",
    "yearMonth": "2025-04",
    "year": 2025,
    "month": 4,
    "quantity": 623,
    "unitPrice": 42.17,
    "totalSales": 26270.46,
    "costPrice": 32.0,
    "cogs": 19936.0,
    "grossProfit": 6334.46,
    "grossProfitPercent": 24.11,
    "createdAt": "2025-04-13T18:11:32.453000"
  },
  {
    "_id": "68f63504395ee60aab55b01e",
    "customerId": "68f223cba2a7a8c0bacaf107",
    "productId": "110015",
    "salesRepId": "68f223cba2a7a8c0bacaf102",
    "customerName": "Fresh Produce Distributors",
    "productCode": "110015",
    "productDescription": "Roasted Garlic 12x12 OZ",
    "salesRepName": "David Brace",
    "yearMonth": "2025-04",
    "year": 2025,
    "month": 4,
    "quantity": 629,
    "unitPrice": 55.57,
    "totalSales": 34955.83,
    "costPrice": 45.0,
    "cogs": 28305.0,
    "grossProfit": 6650.83,
    "grossProfitPercent": 19.03,
    "createdAt": "2025-04-13T18:11:32.453000"
  },
  {
    "_id": "68f63504395ee60aab55b01f",
    "customerId": "68f40c2e3ba93a56927f0638",
    "productId": "110015",
    "salesRepId": "default-rep",
    "customerName": "Test Customer",
    "productCode": "110015",
    "productDescription": "Roasted Garlic 12x12 OZ",
    "salesRepName": "Default Sales Rep",
    "yearMonth": "2025-04",
    "year": 2025,
    "month": 4,
    "quantity": 793,
    "unitPrice": 56.14,
    "totalSales": 44516.2,
    "costPrice": 45.0,
    "cogs": 35685.0,
    "grossProfit": 8831.2,
    "grossProfitPercent": 19.84,
    "createdAt": "2025-04-13T18:11:32.453000"
  },
  {
    "_id": "68f63504395ee60aab55b020",
    "customerId": "68f223cba2a7a8c0bacaf106",
    "productId": "150025",
    "salesRepId": "68f223cba2a7a8c0bacaf102",
    "customerName": "Miami Wholesale Market",
    "productCode": "150025",
    "productDescription": "Cilantro Paste 20 LB Bag",
    "salesRepName": "David Brace",
    "yearMonth": "2025-04",
    "year": 2025,
    "month": 4,
    "quantity": 719,
    "unitPrice": 38.72,
    "totalSales": 27842.08,
    "costPrice": 32.0,
    "cogs": 23008.0,
    "grossProfit": 4834.08,
    "grossProfitPercent": 17.36,
    "createdAt": "2025-04-13T18:11:32.453000"
  },
  {
    "_id": "68f63504395ee60aab55b021",
    "customerId": "68f223cba2a7a8c0bacaf105",
    "productId": "110010",
    "salesRepId": "68f223cba2a7a8c0bacaf102",
    "customerName": "A&A Organic Farms Corp.",
    "productCode": "110010",
    "productDescription": "Minced Garlic 6x32 OZ",
    "salesRepName": "David Brace",
    "yearMonth": "2025-04",
    "year": 2025,
    "month": 4,
    "quantity": 944,
    "unitPrice": 55.83,
    "totalSales": 52705.09,
    "costPrice": 42.0,
    "cogs": 39648.0,
    "grossProfit": 13057.09,
    "grossProfitPercent": 24.77,
    "createdAt": "2025-04-13T18:11:32.453000"
  },
  {
    "_id": "68f63504395ee60aab55b022",
    "customerId": "68f40e06af149842280c2a60",
    "productId": "110005",
    "salesRepId": "default-rep",
    "customerName": "huzaifa1144",
    "productCode": "110005",
    "productDescription": "Chopped Garlic 12x16 OZ",
    "salesRepName": "Default Sales Rep",
    "yearMonth": "2025-04",
    "year": 2025,
    "month": 4,
    "quantity": 885,
    "unitPrice": 45.79,
    "totalSales": 40526.89,
    "costPrice": 38.0,
    "cogs": 33630.0,
    "grossProfit": 6896.89,
    "grossProfitPercent": 17.02,
    "createdAt": "2025-04-13T18:11:32.453000"
  },
  {
    "_id": "68f63504395ee60aab55b023",
    "customerId": "68f40e06af149842280c2a60",
    "productId": "110001",
    "salesRepId": "default-rep",
    "customerName": "huzaifa1144",
    "productCode": "110001",
    "productDescription": "Peeled Garlic 12x1 LB Garland",
    "salesRepName": "Default Sales Rep",
    "yearMonth": "2025-05",
    "year": 2025,
    "month": 5,
    "quantity": 491,
    "unitPrice": 56.2,
    "totalSales": 27592.79,
    "costPrice": 40.0,
    "cogs": 19640.0,
    "grossProfit": 7952.79,
    "grossProfitPercent": 28.82,
    "createdAt": "2025-05-13T18:11:32.453000"
  },
  {
    "_id": "68f63504395ee60aab55b024",
    "customerId": "68f223cba2a7a8c0bacaf108",
    "productId": "110005",
    "salesRepId": "68f223cba2a7a8c0bacaf102",
    "customerName": "Garden Valley Foods",
    "productCode": "110005",
    "productDescription": "Chopped Garlic 12x16 OZ",
    "salesRepName": "David Brace",
    "yearMonth": "2025-05",
    "year": 2025,
    "month": 5,
    "quantity": 1030,
    "unitPrice": 49.8,
    "totalSales": 51298.43,
    "costPrice": 38.0,
    "cogs": 39140.0,
    "grossProfit": 12158.43,
    "grossProfitPercent": 23.7,
    "createdAt": "2025-05-13T18:11:32.453000"
  },
  {
    "_id": "68f63504395ee60aab55b025",
    "customerId": "68f223cba2a7a8c0bacaf107",
    "productId": "110005",
    "salesRepId": "68f223cba2a7a8c0bacaf102",
    "customerName": "Fresh Produce Distributors",
    "productCode": "110005",
    "productDescription": "Chopped Garlic 12x16 OZ",
    "salesRepName": "David Brace",
    "yearMonth": "2025-05",
    "year": 2025,
    "month": 5,
    "quantity": 971,
    "unitPrice": 47.92,
    "totalSales": 46529.9,
    "costPrice": 38.0,
    "cogs": 36898.0,
    "grossProfit": 9631.9,
    "grossProfitPercent": 20.7,
    "createdAt": "2025-05-13T18:11:32.453000"
  },
  {
    "_id": "68f63504395ee60aab55b026",
    "customerId": "68f40c2e3ba93a56927f0638",
    "productId": "110001",
    "salesRepId": "default-rep",
    "customerName": "Test Customer",
    "productCode": "110001",
    "productDescription": "Peeled Garlic 12x1 LB Garland",
    "salesRepName": "Default Sales Rep",
    "yearMonth": "2025-05",
    "year": 2025,
    "month": 5,
    "quantity": 961,
    "unitPrice": 54.42,
    "totalSales": 52301.84,
    "costPrice": 40.0,
    "cogs": 38440.0,
    "grossProfit": 13861.84,
    "grossProfitPercent": 26.5,
    "createdAt": "2025-05-13T18:11:32.453000"
  },
  {
    "_id": "68f63504395ee60aab55b027",
    "customerId": "68f40dc3af149842280c2a5f",
    "productId": "110010",
    "salesRepId": "default-rep",
    "customerName": "huzaifa11",
    "productCode": "110010",
    "productDescription": "Minced Garlic 6x32 OZ",
    "salesRepName": "Default Sales Rep",
    "yearMonth": "2025-05",
    "year": 2025,
    "month": 5,
    "quantity": 846,
    "unitPrice": 51.44,
    "totalSales": 43519.77,
    "costPrice": 42.0,
    "cogs": 35532.0,
    "grossProfit": 7987.77,
    "grossProfitPercent": 18.35,
    "createdAt": "2025-05-13T18:11:32.453000"
  },
  {
    "_id": "68f63504395ee60aab55b028",
    "customerId": "68f40dc3af149842280c2a5f",
    "productId": "150025",
    "salesRepId": "default-rep",
    "customerName": "huzaifa11",
    "productCode": "150025",
    "productDescription": "Cilantro Paste 20 LB Bag",
    "salesRepName": "Default Sales Rep",
    "yearMonth": "2025-05",
    "year": 2025,
    "month": 5,
    "quantity": 276,
    "unitPrice": 37.0,
    "totalSales": 10212.52,
    "costPrice": 32.0,
    "cogs": 8832.0,
    "grossProfit": 1380.52,
    "grossProfitPercent": 13.52,
    "createdAt": "2025-05-13T18:11:32.453000"
  },
  {
    "_id": "68f63504395ee60aab55b029",
    "customerId": "68f40dc3af149842280c2a5f",
    "productId": "130030",
    "salesRepId": "default-rep",
    "customerName": "huzaifa11",
    "productCode": "130030",
    "productDescription": "Garlic Puree 40 LB Bag",
    "salesRepName": "Default Sales Rep",
    "yearMonth": "2025-05",
    "year": 2025,
    "month": 5,
    "quantity": 285,
    "unitPrice": 69.92,
    "totalSales": 19928.21,
    "costPrice": 55.0,
    "cogs": 15675.0,
    "grossProfit": 4253.21,
    "grossProfitPercent": 21.34,
    "createdAt": "2025-05-13T18:11:32.453000"
  },
  {
    "_id": "68f63504395ee60aab55b02a",
    "customerId": "68f223cba2a7a8c0bacaf105",
    "productId": "140020",
    "salesRepId": "68f223cba2a7a8c0bacaf102",
    "customerName": "A&A Organic Farms Corp.",
    "productCode": "140020",
    "productDescription": "Mixed Herbs 24x8 OZ",
    "salesRepName": "David Brace",
    "yearMonth": "2025-05",
    "year": 2025,
    "month": 5,
    "quantity": 617,
    "unitPrice": 58.95,
    "totalSales": 36374.48,
    "costPrice": 48.0,
    "cogs": 29616.0,
    "grossProfit": 6758.48,
    "grossProfitPercent": 18.58,
    "createdAt": "2025-05-13T18:11:32.453000"
  },
  {
    "_id": "68f63504395ee60aab55b02b",
    "customerId": "68f223cba2a7a8c0bacaf108",
    "productId": "130030",
    "salesRepId": "68f223cba2a7a8c0bacaf102",
    "customerName": "Garden Valley Foods",
    "productCode": "130030",
    "productDescription": "Garlic Puree 40 LB Bag",
    "salesRepName": "David Brace",
    "yearMonth": "2025-06",
    "year": 2025,
    "month": 6,
    "quantity": 629,
    "unitPrice": 68.93,
    "totalSales": 43359.99,
    "costPrice": 55.0,
    "cogs": 34595.0,
    "grossProfit": 8764.99,
    "grossProfitPercent": 20.21,
    "createdAt": "2025-06-12T18:11:32.453000"
  },
  {
    "_id": "68f63504395ee60aab55b02c",
    "customerId": "68f223cba2a7a8c0bacaf104",
    "productId": "110001",
    "salesRepId": "68f223cba2a7a8c0bacaf102",
    "customerName": "Canadawide Fruit Wholesalers Inc.",
    "productCode": "110001",
    "productDescription": "Peeled Garlic 12x1 LB Garland",
    "salesRepName": "David Brace",
    "yearMonth": "2025-06",
    "year": 2025,
    "month": 6,
    "quantity": 712,
    "unitPrice": 47.7,
    "totalSales": 33960.48,
    "costPrice": 40.0,
    "cogs": 28480.0,
    "grossProfit": 5480.48,
    "grossProfitPercent": 16.14,
    "createdAt": "2025-06-12T18:11:32.453000"
  },
  {
    "_id": "68f63504395ee60aab55b02d",
    "customerId": "68f223cba2a7a8c0bacaf108",
    "productId": "323",
    "salesRepId": "68f223cba2a7a8c0bacaf102",
    "customerName": "Garden Valley Foods",
    "productCode": "323",
    "productDescription": "3432",
    "salesRepName": "David Brace",
    "yearMonth": "2025-06",
    "year": 2025,
    "month": 6,
    "quantity": 187,
    "unitPrice": 326.83,
    "totalSales": 61116.81,
    "costPrice": 23432.0,
    "cogs": 4381784.0,
    "grossProfit": -4320667.19,
    "grossProfitPercent": -7069.52,
    "createdAt": "2025-06-12T18:11:32.453000"
  },
  {
    "_id": "68f63504395ee60aab55b02e",
    "customerId": "68f223cba2a7a8c0bacaf104",
    "productId": "110005",
    "salesRepId": "68f223cba2a7a8c0bacaf102",
    "customerName": "Canadawide Fruit Wholesalers Inc.",
    "productCode": "110005",
    "productDescription": "Chopped Garlic 12x16 OZ",
    "salesRepName": "David Brace",
    "yearMonth": "2025-06",
    "year": 2025,
    "month": 6,
    "quantity": 1005,
    "unitPrice": 52.64,
    "totalSales": 52904.51,
    "costPrice": 38.0,
    "cogs": 38190.0,
    "grossProfit": 14714.51,
    "grossProfitPercent": 27.81,
    "createdAt": "2025-06-12T18:11:32.453000"
  },
  {
    "_id": "68f63504395ee60aab55b02f",
    "customerId": "68f223cba2a7a8c0bacaf106",
    "productId": "140020",
    "salesRepId": "68f223cba2a7a8c0bacaf102",
    "customerName": "Miami Wholesale Market",
    "productCode": "140020",
    "productDescription": "Mixed Herbs 24x8 OZ",
    "salesRepName": "David Brace",
    "yearMonth": "2025-06",
    "year": 2025,
    "month": 6,
    "quantity": 727,
    "unitPrice": 66.79,
    "totalSales": 48555.05,
    "costPrice": 48.0,
    "cogs": 34896.0,
    "grossProfit": 13659.05,
    "grossProfitPercent": 28.13,
    "createdAt": "2025-06-12T18:11:32.453000"
  },
  {
    "_id": "68f63504395ee60aab55b030",
    "customerId": "68f40dc3af149842280c2a5f",
    "productId": "77",
    "salesRepId": "default-rep",
    "customerName": "huzaifa11",
    "productCode": "77",
    "productDescription": "hok",
    "salesRepName": "Default Sales Rep",
    "yearMonth": "2025-06",
    "year": 2025,
    "month": 6,
    "quantity": 500,
    "unitPrice": 891.83,
    "totalSales": 445914.29,
    "costPrice": 78.0,
    "cogs": 39000.0,
    "grossProfit": 406914.29,
    "grossProfitPercent": 91.25,
    "createdAt": "2025-06-12T18:11:32.453000"
  },
  {
    "_id": "68f63504395ee60aab55b031",
    "customerId": "68f40dc3af149842280c2a5f",
    "productId": "110010",
    "salesRepId": "default-rep",
    "customerName": "huzaifa11",
    "productCode": "110010",
    "productDescription": "Minced Garlic 6x32 OZ",
    "salesRepName": "Default Sales Rep",
    "yearMonth": "2025-06",
    "year": 2025,
    "month": 6,
    "quantity": 769,
    "unitPrice": 52.09,
    "totalSales": 40059.68,
    "costPrice": 42.0,
    "cogs": 32298.0,
    "grossProfit": 7761.68,
    "grossProfitPercent": 19.38,
    "createdAt": "2025-06-12T18:11:32.453000"
  },
  {
    "_id": "68f63504395ee60aab55b032",
    "customerId": "68f223cba2a7a8c0bacaf105",
    "productId": "120015",
    "salesRepId": "68f223cba2a7a8c0bacaf102",
    "customerName": "A&A Organic Farms Corp.",
    "productCode": "120015",
    "productDescription": "Ginger Paste 30 LB Bucket",
    "salesRepName": "David Brace",
    "yearMonth": "2025-07",
    "year": 2025,
    "month": 7,
    "quantity": 899,
    "unitPrice": 81.1,
    "totalSales": 72908.8,
    "costPrice": 68.0,
    "cogs": 61132.0,
    "grossProfit": 11776.8,
    "grossProfitPercent": 16.15,
    "createdAt": "2025-07-12T18:11:32.453000"
  },
  {
    "_id": "68f63504395ee60aab55b033",
    "customerId": "68f223cba2a7a8c0bacaf103",
    "productId": "130030",
    "salesRepId": "68f223cba2a7a8c0bacaf102",
    "customerName": "Industria Los Patitos, S.A.",
    "productCode": "130030",
    "productDescription": "Garlic Puree 40 LB Bag",
    "salesRepName": "David Brace",
    "yearMonth": "2025-07",
    "year": 2025,
    "month": 7,
    "quantity": 384,
    "unitPrice": 65.44,
    "totalSales": 25127.1,
    "costPrice": 55.0,
    "cogs": 21120.0,
    "grossProfit": 4007.1,
    "grossProfitPercent": 15.95,
    "createdAt": "2025-07-12T18:11:32.453000"
  },
  {
    "_id": "68f63504395ee60aab55b034",
    "customerId": "68f223cba2a7a8c0bacaf103",
    "productId": "150025",
    "salesRepId": "68f223cba2a7a8c0bacaf102",
    "customerName": "Industria Los Patitos, S.A.",
    "productCode": "150025",
    "productDescription": "Cilantro Paste 20 LB Bag",
    "salesRepName": "David Brace",
    "yearMonth": "2025-07",
    "year": 2025,
    "month": 7,
    "quantity": 579,
    "unitPrice": 46.42,
    "totalSales": 26876.68,
    "costPrice": 32.0,
    "cogs": 18528.0,
    "grossProfit": 8348.68,
    "grossProfitPercent": 31.06,
    "createdAt": "2025-07-12T18:11:32.453000"
  },
  {
    "_id": "68f63504395ee60aab55b035",
    "customerId": "68f223cba2a7a8c0bacaf105",
    "productId": "130030",
    "salesRepId": "68f223cba2a7a8c0bacaf102",
    "customerName": "A&A Organic Farms Corp.",
    "productCode": "130030",
    "productDescription": "Garlic Puree 40 LB Bag",
    "salesRepName": "David Brace",
    "yearMonth": "2025-07",
    "year": 2025,
    "month": 7,
    "quantity": 518,
    "unitPrice": 66.64,
    "totalSales": 34519.76,
    "costPrice": 55.0,
    "cogs": 28490.0,
    "grossProfit": 6029.76,
    "grossProfitPercent": 17.47,
    "createdAt": "2025-07-12T18:11:32.453000"
  },
  {
    "_id": "68f63504395ee60aab55b036",
    "customerId": "68f40feba7f4ddac94cbab5d",
    "productId": "110005",
    "salesRepId": "default-rep",
    "customerName": "huzaifa1144",
    "productCode": "110005",
    "productDescription": "Chopped Garlic 12x16 OZ",
    "salesRepName": "Default Sales Rep",
    "yearMonth": "2025-07",
    "year": 2025,
    "month": 7,
    "quantity": 171,
    "unitPrice": 49.92,
    "totalSales": 8535.6,
    "costPrice": 38.0,
    "cogs": 6498.0,
    "grossProfit": 2037.6,
    "grossProfitPercent": 23.87,
    "createdAt": "2025-07-12T18:11:32.453000"
  },
  {
    "_id": "68f63504395ee60aab55b037",
    "customerId": "68f40e06af149842280c2a60",
    "productId": "110005",
    "salesRepId": "default-rep",
    "customerName": "huzaifa1144",
    "productCode": "110005",
    "productDescription": "Chopped Garlic 12x16 OZ",
    "salesRepName": "Default Sales Rep",
    "yearMonth": "2025-07",
    "year": 2025,
    "month": 7,
    "quantity": 770,
    "unitPrice": 49.1,
    "totalSales": 37805.56,
    "costPrice": 38.0,
    "cogs": 29260.0,
    "grossProfit": 8545.56,
    "grossProfitPercent": 22.6,
    "createdAt": "2025-07-12T18:11:32.453000"
  },
  {
    "_id": "68f63504395ee60aab55b038",
    "customerId": "68f40dc3af149842280c2a5f",
    "productId": "140020",
    "salesRepId": "default-rep",
    "customerName": "huzaifa11",
    "productCode": "140020",
    "productDescription": "Mixed Herbs 24x8 OZ",
    "salesRepName": "Default Sales Rep",
    "yearMonth": "2025-07",
    "year": 2025,
    "month": 7,
    "quantity": 96,
    "unitPrice": 58.87,
    "totalSales": 5651.68,
    "costPrice": 48.0,
    "cogs": 4608.0,
    "grossProfit": 1043.68,
    "grossProfitPercent": 18.47,
    "createdAt": "2025-07-12T18:11:32.453000"
  },
  {
    "_id": "68f63504395ee60aab55b039",
    "customerId": "68f223cba2a7a8c0bacaf106",
    "productId": "110010",
    "salesRepId": "68f223cba2a7a8c0bacaf102",
    "customerName": "Miami Wholesale Market",
    "productCode": "110010",
    "productDescription": "Minced Garlic 6x32 OZ",
    "salesRepName": "David Brace",
    "yearMonth": "2025-07",
    "year": 2025,
    "month": 7,
    "quantity": 961,
    "unitPrice": 52.97,
    "totalSales": 50902.09,
    "costPrice": 42.0,
    "cogs": 40362.0,
    "grossProfit": 10540.09,
    "grossProfitPercent": 20.71,
    "createdAt": "2025-07-12T18:11:32.453000"
  },
  {
    "_id": "68f63504395ee60aab55b03a",
    "customerId": "68f223cba2a7a8c0bacaf103",
    "productId": "110005",
    "salesRepId": "68f223cba2a7a8c0bacaf102",
    "customerName": "Industria Los Patitos, S.A.",
    "productCode": "110005",
    "productDescription": "Chopped Garlic 12x16 OZ",
    "salesRepName": "David Brace",
    "yearMonth": "2025-07",
    "year": 2025,
    "month": 7,
    "quantity": 1032,
    "unitPrice": 49.34,
    "totalSales": 50921.68,
    "costPrice": 38.0,
    "cogs": 39216.0,
    "grossProfit": 11705.68,
    "grossProfitPercent": 22.99,
    "createdAt": "2025-07-12T18:11:32.453000"
  },
  {
    "_id": "68f63504395ee60aab55b03b",
    "customerId": "68f40e06af149842280c2a60",
    "productId": "140020",
    "salesRepId": "default-rep",
    "customerName": "huzaifa1144",
    "productCode": "140020",
    "productDescription": "Mixed Herbs 24x8 OZ",
    "salesRepName": "Default Sales Rep",
    "yearMonth": "2025-07",
    "year": 2025,
    "month": 7,
    "quantity": 496,
    "unitPrice": 66.58,
    "totalSales": 33022.94,
    "costPrice": 48.0,
    "cogs": 23808.0,
    "grossProfit": 9214.94,
    "grossProfitPercent": 27.9,
    "createdAt": "2025-07-12T18:11:32.453000"
  },
  {
    "_id": "68f63504395ee60aab55b03c",
    "customerId": "68f40dc3af149842280c2a5f",
    "productId": "110001",
    "salesRepId": "default-rep",
    "customerName": "huzaifa11",
    "productCode": "110001",
    "productDescription": "Peeled Garlic 12x1 LB Garland",
    "salesRepName": "Default Sales Rep",
    "yearMonth": "2025-08",
    "year": 2025,
    "month": 8,
    "quantity": 562,
    "unitPrice": 54.96,
    "totalSales": 30887.47,
    "costPrice": 40.0,
    "cogs": 22480.0,
    "grossProfit": 8407.47,
    "grossProfitPercent": 27.22,
    "createdAt": "2025-08-11T18:11:32.453000"
  },
  {
    "_id": "68f63504395ee60aab55b03d",
    "customerId": "68f40dc3af149842280c2a5f",
    "productId": "110001",
    "salesRepId": "default-rep",
    "customerName": "huzaifa11",
    "productCode": "110001",
    "productDescription": "Peeled Garlic 12x1 LB Garland",
    "salesRepName": "Default Sales Rep",
    "yearMonth": "2025-08",
    "year": 2025,
    "month": 8,
    "quantity": 989,
    "unitPrice": 47.82,
    "totalSales": 47291.42,
    "costPrice": 40.0,
    "cogs": 39560.0,
    "grossProfit": 7731.42,
    "grossProfitPercent": 16.35,
    "createdAt": "2025-08-11T18:11:32.453000"
  },
  {
    "_id": "68f63504395ee60aab55b03e",
    "customerId": "68f223cba2a7a8c0bacaf108",
    "productId": "110015",
    "salesRepId": "68f223cba2a7a8c0bacaf102",
    "customerName": "Garden Valley Foods",
    "productCode": "110015",
    "productDescription": "Roasted Garlic 12x12 OZ",
    "salesRepName": "David Brace",
    "yearMonth": "2025-08",
    "year": 2025,
    "month": 8,
    "quantity": 695,
    "unitPrice": 53.53,
    "totalSales": 37202.51,
    "costPrice": 45.0,
    "cogs": 31275.0,
    "grossProfit": 5927.51,
    "grossProfitPercent": 15.93,
    "createdAt": "2025-08-11T18:11:32.453000"
  },
  {
    "_id": "68f63504395ee60aab55b03f",
    "customerId": "68f40c2e3ba93a56927f0638",
    "productId": "77",
    "salesRepId": "default-rep",
    "customerName": "Test Customer",
    "productCode": "77",
    "productDescription": "hok",
    "salesRepName": "Default Sales Rep",
    "yearMonth": "2025-08",
    "year": 2025,
    "month": 8,
    "quantity": 331,
    "unitPrice": 891.36,
    "totalSales": 295039.36,
    "costPrice": 78.0,
    "cogs": 25818.0,
    "grossProfit": 269221.36,
    "grossProfitPercent": 91.25,
    "createdAt": "2025-08-11T18:11:32.453000"
  },
  {
    "_id": "68f63504395ee60aab55b040",
    "customerId": "68f223cba2a7a8c0bacaf103",
    "productId": "110005",
    "salesRepId": "68f223cba2a7a8c0bacaf102",
    "customerName": "Industria Los Patitos, S.A.",
    "productCode": "110005",
    "productDescription": "Chopped Garlic 12x16 OZ",
    "salesRepName": "David Brace",
    "yearMonth": "2025-08",
    "year": 2025,
    "month": 8,
    "quantity": 918,
    "unitPrice": 50.18,
    "totalSales": 46064.73,
    "costPrice": 38.0,
    "cogs": 34884.0,
    "grossProfit": 11180.73,
    "grossProfitPercent": 24.27,
    "createdAt": "2025-08-11T18:11:32.453000"
  },
  {
    "_id": "68f63504395ee60aab55b041",
    "customerId": "68f40c2e3ba93a56927f0638",
    "productId": "130030",
    "salesRepId": "default-rep",
    "customerName": "Test Customer",
    "productCode": "130030",
    "productDescription": "Garlic Puree 40 LB Bag",
    "salesRepName": "Default Sales Rep",
    "yearMonth": "2025-08",
    "year": 2025,
    "month": 8,
    "quantity": 232,
    "unitPrice": 72.18,
    "totalSales": 16745.18,
    "costPrice": 55.0,
    "cogs": 12760.0,
    "grossProfit": 3985.18,
    "grossProfitPercent": 23.8,
    "createdAt": "2025-08-11T18:11:32.453000"
  },
  {
    "_id": "68f63504395ee60aab55b042",
    "customerId": "68f223cba2a7a8c0bacaf103",
    "productId": "110005",
    "salesRepId": "68f223cba2a7a8c0bacaf102",
    "customerName": "Industria Los Patitos, S.A.",
    "productCode": "110005",
    "productDescription": "Chopped Garlic 12x16 OZ",
    "salesRepName": "David Brace",
    "yearMonth": "2025-08",
    "year": 2025,
    "month": 8,
    "quantity": 88,
    "unitPrice": 50.44,
    "totalSales": 4438.8,
    "costPrice": 38.0,
    "cogs": 3344.0,
    "grossProfit": 1094.8,
    "grossProfitPercent": 24.66,
    "createdAt": "2025-08-11T18:11:32.453000"
  },
  {
    "_id": "68f63504395ee60aab55b043",
    "customerId": "68f223cba2a7a8c0bacaf106",
    "productId": "110002",
    "salesRepId": "68f223cba2a7a8c0bacaf102",
    "customerName": "Miami Wholesale Market",
    "productCode": "110002",
    "productDescription": "Peeled Garlic 12x3 LB Garland",
    "salesRepName": "David Brace",
    "yearMonth": "2025-09",
    "year": 2025,
    "month": 9,
    "quantity": 512,
    "unitPrice": 94.53,
    "totalSales": 48399.07,
    "costPrice": 75.0,
    "cogs": 38400.0,
    "grossProfit": 9999.07,
    "grossProfitPercent": 20.66,
    "createdAt": "2025-09-10T18:11:32.453000"
  },
  {
    "_id": "68f63504395ee60aab55b044",
    "customerId": "68f223cba2a7a8c0bacaf106",
    "productId": "110010",
    "salesRepId": "68f223cba2a7a8c0bacaf102",
    "customerName": "Miami Wholesale Market",
    "productCode": "110010",
    "productDescription": "Minced Garlic 6x32 OZ",
    "salesRepName": "David Brace",
    "yearMonth": "2025-09",
    "year": 2025,
    "month": 9,
    "quantity": 224,
    "unitPrice": 50.6,
    "totalSales": 11334.82,
    "costPrice": 42.0,
    "cogs": 9408.0,
    "grossProfit": 1926.82,
    "grossProfitPercent": 17.0,
    "createdAt": "2025-09-10T18:11:32.453000"
  },
  {
    "_id": "68f63504395ee60aab55b045",
    "customerId": "68f223cba2a7a8c0bacaf103",
    "productId": "77",
    "salesRepId": "68f223cba2a7a8c0bacaf102",
    "customerName": "Industria Los Patitos, S.A.",
    "productCode": "77",
    "productDescription": "hok",
    "salesRepName": "David Brace",
    "yearMonth": "2025-09",
    "year": 2025,
    "month": 9,
    "quantity": 704,
    "unitPrice": 885.8,
    "totalSales": 623606.27,
    "costPrice": 78.0,
    "cogs": 54912.0,
    "grossProfit": 568694.27,
    "grossProfitPercent": 91.19,
    "createdAt": "2025-09-10T18:11:32.453000"
  },
  {
    "_id": "68f63504395ee60aab55b046",
    "customerId": "68f223cba2a7a8c0bacaf103",
    "productId": "110001",
    "salesRepId": "68f223cba2a7a8c0bacaf102",
    "customerName": "Industria Los Patitos, S.A.",
    "productCode": "110001",
    "productDescription": "Peeled Garlic 12x1 LB Garland",
    "salesRepName": "David Brace",
    "yearMonth": "2025-09",
    "year": 2025,
    "month": 9,
    "quantity": 576,
    "unitPrice": 50.25,
    "totalSales": 28946.28,
    "costPrice": 40.0,
    "cogs": 23040.0,
    "grossProfit": 5906.28,
    "grossProfitPercent": 20.4,
    "createdAt": "2025-09-10T18:11:32.453000"
  },
  {
    "_id": "68f63504395ee60aab55b047",
    "customerId": "68f223cba2a7a8c0bacaf104",
    "productId": "110010",
    "salesRepId": "68f223cba2a7a8c0bacaf102",
    "customerName": "Canadawide Fruit Wholesalers Inc.",
    "productCode": "110010",
    "productDescription": "Minced Garlic 6x32 OZ",
    "salesRepName": "David Brace",
    "yearMonth": "2025-09",
    "year": 2025,
    "month": 9,
    "quantity": 250,
    "unitPrice": 53.24,
    "totalSales": 13310.89,
    "costPrice": 42.0,
    "cogs": 10500.0,
    "grossProfit": 2810.89,
    "grossProfitPercent": 21.12,
    "createdAt": "2025-09-10T18:11:32.453000"
  }
]